2752 4756
337 621 411 698 288
552 624 617 712 Dr
661 623 1059 696 enarrarem:

340 721 452 794 ficiens
461 717 506 787 est
515 717 683 819 disposrtio
692 724 733 792 ad
752 726 998 795 Sacramentum
1016 718 1238 799 Paenitentia·

387 818 871 918 Relp.neg0conlequentiam·
894 826 1047 920 Namque
1057 824 1138 896 fides
1146 818 1239 924 pari·

338 923 441 989 retest
459 921 566 1004 bona,
579 918 732 1007 honesta,
746 920 1013 1020 supernaturalia,
1034 948 1075 994 ert
1092 920 1239 1021 impulsu

310 1033 320 1080 ⁸
336 1017 475 1117 Spiritus
487 1021 587 1090 lancti
596 1047 655 1105 ,an
670 1019 870 1094 idcircolola
881 1016 1019 1100 sufficita
1034 1024 1201 1097 minima·

362 1166 364 1171 ·
377 1117 528 1211 Obiicies
541 1128 596 1193 2⁰·
609 1125 714 1192 Aruer
726 1119 782 1193 ille
791 1125 858 1194 Dei
875 1145 975 1219 quem
990 1123 1151 1221 exigimus
1161 1177 1175 1211 ,
1184 1120 1238 1195 est

336 1218 428 1315 {uper
439 1221 568 1290 omnia:
588 1225 681 1316 arqui
696 1224 804 1292 omnis
818 1244 910 1291 amor
930 1223 993 1293 Dei
1011 1218 1240 1320 superomnia.

337 1343 376 1388 ex
389 1316 419 1389 le
431 1316 607 1389 sanelilicar
619 1319 788 1390 hominem
797 1373 809 1406 ‚
819 1327 855 1391 δι
869 1326 943 1394 Deo
954 1319 1164 1401 reconciliata
1178 1344 1238 1393 et·

336 1443 382 1517 go
401 1443 491 1487 arnor
508 1417 563 1488 ille
575 1416 745 1489 hominem
764 1416 854 1519 priris
877 1426 954 1491 Deo
976 1418 1237 1509 reconciliaret,

335 1516 437 1615 quam
449 1521 614 1587 accederet
634 1519 674 1588 ad
685 1526 950 1590 Sacramentum:
967 1525 1057 1614 atqui
1071 1544 1136 1603 ,ex
1152 1540 1235 1591 ante

334 1615 538 1702 drerrsmaln
549 1642 640 1688 antor
651 1625 714 1689 Dei
725 1621 852 1690 nonest
863 1615 1065 1709 neceliarius,
1077 1618 1240 1692 arcellare

335 1719 439 1817 potest
453 1741 527 1786 cum
542 1713 685 1790 efficacii
699 1721 914 1789 sacramenti.

381 1816 478 1913 Rel‘p.
490 1817 561 1886 dist.
574 1821 654 1887 min.
666 1821 769 1889 Amor
785 1824 848 1889 Dei
859 1817 951 1915 super
967 1816 1099 1903 omnia,
1116 1816 1238 1915 quielk

332 1912 352 1985 ὲ
368 1917 544 2001 charitate,
567 1941 635 2011 quo
650 1921 723 2012 quis
738 1916 836 1988 finem
853 1915 944 1987 suurn
964 1914 1137 2004 ultimum,
1157 1912 1238 2011 reim

330 2011 534 2112 objetllivurn
545 2017 615 2086 tiam
626 2015 840 2113 subjet‘livurn
852 2068 863 2101 ,
874 2012 1012 2114 pofitivl
1025 2039 1062 2085 ac
1072 2006 1235 2113 explicit&

291 2198 293 2205 y
330 2119 365 2185 in
381 2114 1235 2200 Deeconllituit,sanilificathominemssoncedot
1256 2157 1265 2163 -

328 2239 421 2284 arnor
434 2219 497 2287 Dei
507 2215 719 2312 superomnia
732 2270 743 2303 ,
755 2220 888 2311 quinon
899 2211 972 2287 esti
985 2210 1143 2285 charitate
1154 2240 1237 2313 pro·

328 2317 398 2413 prie
411 2315 513 2395 dieta,
523 2339 582 2383 nec
594 2312 729 2411 positive
741 2343 776 2384 ac
786 2313 938 2411 explicite
951 2313 1051 2385 finem
1060 2309 1237 2400 ultimum,

328 2411 611 2506 trimobjestivum
623 2413 694 2483 trina
712 2414 949 2510 lubjeffivum,
969 2418 1003 2482 in
1018 2418 1093 2484 Deo
1105 2416 1229 2486 consti·

328 2505 411 2598 tuit,
428 2539 526 2611 nego·
539 2513 623 2587 Vide
634 2516 775 2614 lupetius
796 2519 868 2584 Aet.
881 2540 909 2586 1·
922 2511 1046 2604 Qlaell.
1064 2534 1107 2599 4.

379 2611 530 2707 Objicies
551 2620 604 2702 3⁰·
626 2618 659 2686 Si
671 2639 781 2710 praeter
800 2618 1045 2685 Sacramentum
1058 2606 1230 2685 amorDei

327 2716 503 2808 requiritur
512 2767 522 2798 ,
532 2711 648 2783 melior
658 2715 717 2784 fuit
730 2714 917 2812 Judaomm
928 2763 940 2796 ‚
951 2708 1052 2807 quim
1062 2708 1234 2809 christina

327 2836 447 2887 norum
459 2811 622 2887 conditior
634 2812 680 2884 illi
692 2817 811 2883 etenim
821 2837 876 2909 per
890 2808 992 2881 solum
1007 2813 1071 2881 Dei
1079 2833 1240 2881 amorem

329 2909 395 2982 fine
406 2915 485 3010 jugo
502 2917 698 2987 sacramenti
710 2935 857 3014 poterant
870 2916 903 2982 in
913 2915 1049 3010 gratiam
1059 2930 1137 2981 cum
1149 2915 1235 2985 Deo

327 3015 444 3082 redite.

374 3108 474 3208 Relp.
491 3136 576 3207 nego
596 3109 674 3197 mai.
696 3110 909 3206 Quamquam
929 3112 1016 3181 enim
1034 3102 1234 3205 necessarius

324 3204 409 3279 foret
428 3236 518 3283 amm·
543 3213 605 3281 Dei
626 3209 785 3306 perlectus
806 3236 880 3281 curn
895 3216 1129 3292 sacramento,
1143 3210 1234 3305 (qui

327 3331 459 3393 tamen,
483 3316 557 3378 Deo
575 3310 754 3381 infirmitati
774 3309 922 3383 humana
942 3306 1154 3393 consulente,
1170 3331 1237 3378 ne-

327 3405 474 3480 cessarius
495 3434 561 3477 non
580 3411 646 3495 est)
674 3407 886 3480 nihilominus
904 3406 1015 3481 multis
1036 3402 1108 3480 aliis
1123 3405 1236 3481 titulis

273 3567 280 3581 .
327 3508 443 3581 melior
453 3508 552 3605 longe
562 3503 647 3578 foret
661 3511 766 3577 nostra
778 3563 788 3593 ‚
800 3510 900 3606 quirn
911 3511 1100 3610 judeorum
1109 3508 1236 3579 concli-

326 3612 394 3680 tioe
419 3608 489 3679 trina
511 3630 640 3705 propter
665 3607 898 3680 revelationem
920 3611 1023 3706 magis
1038 3608 1236 3701 evidentem

322 3710 546 3803 mysteriorum
558 3708 656 3784 fideii
681 3709 751 3780 ttlm
772 3735 903 3807 propter
924 3721 1033 3809 gratrae
1052 3704 1235 3779 abundan-

321 3813 400 3879 tiam
414 3863 425 3895 ,
438 3813 720 3889 sacramenrorum
739 3808 931 3880 facilitatem
956 3815 993 3880 &
1016 3806 1229 3885 efficaciami

320 3908 392 3979 trlm
411 3934 542 4006 propter
554 3911 795 3979 immunitatem
805 3910 847 3978 ab
858 3912 1036 3982 innumeris
1045 3903 1117 3977 fere
1134 3904 1236 4007 lega-

319 4005 405 4079 libus
416 4013 582 4105 preceptis
603 4015 640 4081 &
658 4013 858 4085 ceremottiit.
867 4007 986 4106 quibus
1004 4004 1232 4108 gravabantur

324 4104 443 4207 Judaeir
456 4106 528 4203 ttlm
538 4108 679 4203 denique
689 4113 767 4204 quia
776 4106 829 4178 lex
844 4113 963 4182 amoris
976 4102 1235 4181 suavili'rmaelie

141 4230 238 4311 [περ
247 4235 313 4308 3⁸4·
324 4204 382 4277 ubl
394 4209 627 4292 enimamawt,
639 4236 699 4280 non
711 4211 888 4296 laboratur,
900 4215 946 4285 ait
956 4211 993 4282 8.
1008 4205 1237 4305 Augustinus,

324 4302 831 4407 autsaltemlaboripseirmarurz
1047 4312 1240 4385 Solvuntur
