2752 4756
142 610 222 682 172
252 594 282 687 Q
358 599 429 669 Dr
472 596 880 675 l‘ertarrurtt'tnl

142 693 212 767 imb
237 689 345 791 potiris
367 693 506 769 charitas
527 696 665 770 inclinet
685 699 726 771 ad
742 698 834 770 adue
853 690 945 797 spei,
962 701 1055 788 quo*

146 799 244 864 etiam
257 797 406 890 imperat.

195 891 344 963 Observa
362 895 525 991 deniqne,
547 895 707 993 presentis
731 895 797 969 loci
805 881 947 966 nonelle
962 936 972 967 2
989 880 1055 950 de·

144 993 324 1064 monstrate
333 1019 478 1066 amorem
491 999 554 1066 Dei
563 1020 604 1067 ex
614 985 743 1069 motivo
756 994 822 1094 spei
837 992 913 1082 ,seu
923 1011 963 1058 ex
974 1005 1051 1087 tuoe

144 1093 216 1163 tivo
227 1094 341 1165 nostrae
353 1091 561 1167 beatitudinis
571 1100 606 1167 in
620 1091 940 1193 Deoconsequendae
957 1081 1057 1157 elicit

144 1214 243 1277 turn,
265 1194 388 1266 castum
411 1190 473 1265 elle
495 1195 677 1283 ,bonurn‚
700 1221 771 1268 non
788 1189 1052 1266 mercenarium&

145 1316 247 1388 quam
266 1292 522 1366 controversiam
535 1299 726 1390 Qtaestione
737 1294 911 1392 sequenti,
934 1282 993 1358 ubi
1012 1282 1054 1352 de

145 1396 557 1494 attritione,expendemot.
571 1401 693 1469 Unum
708 1422 788 1496 ergo
802 1392 942 1467 intendit
953 1387 1055 1456 Con·

144 1489 248 1563 clusio
258 1494 365 1564 nostra
386 1547 397 1579 ,
415 1491 536 1584 scilicet
546 1519 692 1568 amorem
704 1501 770 1569 Dei
779 1492 901 1593 eoipso
921 1479 998 1587 perf
1035 1518 1057 1537 ·

143 1613 215 1662 tum
226 1589 312 1679 elle,
331 1592 536 1690 quoelicitur
555 1623 595 1667 ex
614 1600 744 1671 motivo
759 1599 893 1695 proptio
910 1587 1056 1665 charita·

143 1697 209 1777 tic,
233 1718 303 1788 quo
313 1718 435 1793 nempe
458 1698 545 1768 oeus
567 1698 712 1795 diligitur
735 1718 868 1795 propter
892 1682 1054 1786 seipsum,

146 1796 225 1888 quia
236 1798 269 1863 in
294 1791 324 1864 se
340 1791 463 1865 summe
476 1791 583 1866 bonus
595 1793 874 1896 estacperfedtutt
888 1781 1059 1864 tumuerit

147 1915 295 1963 amorem
303 1890 366 1965 elie
377 1893 484 1966 rnintls
521 1892 679 1969 erleetont
691 1951 701 1982 ,
713 1901 771 1992 qui
785 1894 915 1968 elicitur
933 1911 1059 1959 ettmo·

146 1996 219 2063 tivo
237 2000 373 2091 proptio
386 1992 479 2094 spei,
498 1921 563 2067 boc
583 2001 630 2073 est
648 1994 862 2071 beatitudinis
873 2014 999 2065 actetnae
1019 1990 1077 2059 itt-

149 2098 230 2166 Deo
248 2091 499 2190 consequendae.

196 2190 355 2265 Probatur
369 2197 481 2290 itaque
499 2189 693 2265 Conclulio.
711 2205 767 2266 ιθ.
778 2190 890 2288 quoad
912 2192 1058 2289 primam

144 2314 295 2388 partem,
315 2318 433 2392 nempe
452 2295 606 2393 distingui
627 2318 774 2364 amorem
792 2293 857 2362 Dei
874 2287 1063 2389 perfectum

147 2387 190 2459 ab
214 2391 408 2489 imperfecto
423 2448 433 2478 ,
456 2401 492 2465 dt
504 2397 738 2464 contritionem
752 2388 931 2490 perlectam
940 2387 981 2460 ab
995 2391 1061 2458 int·

146 2487 294 2588 perfecti
304 2490 356 2563 seu
371 2498 551 2580 attritione,
571 2518 611 2563 ex
623 2498 754 2563 motivis
765 2484 960 2563 formalibus
973 2486 1068 2583 clici

149 2594 253 2662 citatis
271 2600 306 2662 ὅ(
327 2591 413 2692 spei:
433 2598 509 2688 quia
521 2618 637 2691 nempe
652 2595 819 2664 distinctio
832 2587 983 2689 specifica
995 2587 1063 2659 ali·

148 2691 243 2788 cujus
252 2692 344 2762 actus
355 2692 408 2764 vel
426 2691 558 2765 habitus
571 2697 698 2765 virtutis
719 2719 788 2763 non
804 2692 936 2765 aliunde
955 2691 1063 2857 “led

148 2792 280 2891 potest,
299 2791 400 2888 qudm
414 2818 455 2863 ex
476 2797 611 2865 motivis
631 2793 788 2891 specificis
807 2788 995 2880 &formali
1020 2810 1058 2860 ut

146 2891 445 2964 distinstisilltrotn
457 2897 632 2964 virtutum:
659 2919 829 2963 arrectum
845 2892 889 2962 est
904 2915 944 2959 ex
964 2889 1059 2974 fide,

144 2989 337 3064 charitatem
358 3001 392 3064 dc
414 2996 501 3091 lpern
520 2997 598 3065 durs
616 2987 678 3062 elle
705 2994 870 3065 distinctas
894 2988 1061 3066 vitttttecr

143 3090 266 3163 debent
280 3096 378 3192 igitur
392 3095 511 3164 habere
532 3148 543 3180 ,
573 3100 609 3164 &
621 3095 661 3162 de
674 3088 765 3165 freto
785 3090 908 3162 habent
927 3092 1057 3159 motiva

145 3189 484 3270 formalia-distinctae
509 3218 690 3292 ergoamor
705 3197 769 3265 Dei
788 3194 845 3288 qui
867 3214 908 3259 ex
929 3192 1062 3260 motivo

147 3298 282 3389 proprio
295 3291 460 3364 charitatis
471 3293 599 3365 elicitur
609 3347 620 3379 ,
630 3295 836 3391 distinguitur
848 3286 1061 3362 essentialiter

148 3396 184 3462 &
199 3390 382 3462 formaliter
399 3391 440 3462 ab
455 3394 521 3462 alio
539 3417 649 3464 amore
660 3397 717 3485 qui
730 3391 860 3464 elicitur
875 3392 1062 3461 ettnrotivo
1079 3432 1082 3437 -

146 3491 381 3589 proptiolpeir
404 3491 572 3593 ctgosrcut
582 3498 721 3564 charitat
736 3489 910 3589 perfectior
921 3490 967 3560 est
977 3487 1033 3591 spe
1048 3542 1062 3579 ,

148 3599 184 3663 δι
203 3590 354 3681 justificat
373 3590 569 3678 hominem,
593 3617 661 3663 non
683 3593 760 3664 verb
781 3592 851 3690 spes
869 3641 882 3676 ,
900 3593 946 3663 ita
965 3614 1068 3663 arnor·

148 3691 314 3762 charitatis
326 3689 500 3787 perfectior
513 3694 558 3764 est
567 3717 678 3762 amore
690 3693 754 3789 spei
767 3746 777 3776 ,
788 3700 824 3763 dc
838 3689 907 3775 ille,
919 3714 989 3760 non
1000 3713 1062 3762 ve·

44 3846 47 3851 .
151 3793 187 3862 rb
202 3794 280 3876 iste,
310 3792 476 3863 honinem
499 3799 573 3865 Deo
585 3818 625 3862 ex
648 3789 679 3863 le
701 3790 916 3874 reconciliat,
934 3795 969 3861 in
990 3815 1063 3889 que

149 3888 253 3990 postta
273 3893 316 3961 est
339 3891 960 3988 secundaConclusronisnollraepars.2

199 3998 270 4065 11⁰.
292 3990 449 4068 Probatur
464 3992 604 4066 secunda
613 4016 687 4093 part
697 3990 984 4067 Conclusronitex
995 3988 1073 4062 88.-
