2752 4756
141 577 198 655 '28'
322 576 864 654 uetantia-enarra.
964 636 968 641 .

142 677 381 772 renuntiemus
392 678 526 772 quidem
537 675 720 747 mensuram
730 673 818 749 solus
830 670 1042 750 oeusmvta

142 778 307 849 ordinarie
324 778 404 847 vero
423 778 596 849 remittitur
611 774 667 846 illa
689 801 810 873 poena,
836 774 1045 875 proportione

143 873 268 949 servati
284 878 482 972 penitentie
503 873 557 947 seu
576 875 932 953 satisfactionisajdeu
950 870 1040 965 major

144 973 198 1047 vel
210 979 318 1045 minor
336 1000 396 1075 pro
407 977 523 1070 majori
543 975 598 1050 vel
612 978 735 1050 minori
754 972 867 1048 labore
886 976 947 1071 qpi
963 968 1044 1046 iuli·

147 1095 256 1146 netur.=

193 1175 331 1256 Quarta
351 1180 406 1266 5⁹.
430 1198 471 1241 an
501 1168 678 1243 satissaeiio
700 1168 945 1242 sacramentalia
955 1162 1042 1242 ,tollat

144 1295 215 1344 non
226 1274 327 1345 modo
337 1291 460 1341 reatum
467 1296 579 1439 prenae
590 1269 802 1370 temporalis,
819 1266 1044 1348 secernunt*

144 1395 222 1444 vam
241 1369 387 1466 aliquam
399 1393 463 1441 con
481 1394 548 1441 erar
568 1374 718 1469 gratiam.

183 1469 283 1567 Resp.
295 1469 458 1567 negative·
472 1474 562 1567 Qia
574 1474 821 1543 Sacramentum
830 1470 1036 1568 gratiampto·

148 1569 240 1640 ducit
258 1594 298 1640 ex
315 1593 413 1668 opere
429 1593 583 1668 operato,
600 1572 735 1666 quando
744 1568 807 1641 suia
820 1562 975 1641 omnibus
982 1582 1037 1663 ptr·

146 1668 233 1740 tibus
254 1662 472 1741 essentialibus
488 1669 669 1767 perseslum
694 1672 760 1742 esta
785 1673 880 1764 atqui
897 1664 973 1738 etim
986 1666 1036 1733 in·

145 1768 251 1868 pietur
271 1765 466 1854 satissauio,
479 1774 725 1840 Sacramentum
740 1770 945 1842 Poeuireritiac
954 1752 1034 1835 cilit-

144 1865 467 1965 tialiterpetseeium
493 1866 568 1940 suit.
597 1872 718 1966 Neque
741 1868 821 1941 veto
839 1870 951 1967 potior
971 1862 1041 1933 ratu·

145 1969 215 2054 esi,
234 1989 292 2038 cur
309 1964 544 2054 satisfactioni,
577 1967 738 2064 quatenris
752 1966 795 2039 ab
808 1965 881 2039 aliis
891 1964 1035 2067 poeniten·

147 2073 201 2140 tiae
219 2064 363 2163 partibus
383 2065 559 2168 sejatngitur
570 2121 581 2154 ,
594 2067 753 2141 tribuatur
763 2072 868 2141 virtut
878 2064 1035 2167 producet·

152 2169 187 2237 di
206 2170 344 2262 gratiam
363 2193 402 2239 ex
426 2195 524 2266 opere
549 2191 707 2267 operato,
723 2166 825 2267 quim
843 2158 1036 2241 consciliari»

150 2264 208 2339 vel
219 2270 410 2338 contritioni
428 2266 559 2339 seorsim
574 2267 719 2366 sumptis.

208 2368 409 2531 Qtlaresoo.
423 2390 464 2437 an
473 2366 580 2437 valeat
589 2365 766 2441 satissasiio
775 2361 865 2437 fasta
874 2366 1035 2465 inpetrata

152 2487 259 2533 morra
273 2488 296 2532 1.

195 2566 249 2634 Ut
259 2557 430 2659 proposirae
447 2548 1037 2657 quaestionisatisfiat,observa1⁰.sa·

146 2659 368 2732 tissailionem
386 2660 484 2732 aliam
501 2657 641 2736 essenon
662 2659 948 2744 sacramentalem,
960 2654 1037 2727 aliato

146 2759 226 2833 teto
237 2757 500 2834 sacramentalem
511 2759 586 2850 ,seu
602 2787 675 2863 quac
685 2787 758 2865 pars
768 2758 990 2862 estinte'gralis
1000 2761 1042 2827 Sit

152 2883 322 2931 tramentt.

198 2956 348 3033 Observa
361 2961 420 3030 2⁰·
441 2962 475 3030 in
488 2981 629 3057 peccato
640 2956 791 3044 mortali,
804 2954 858 3029 seu
877 2958 914 3028 in
924 2952 1051 3025 homine

153 3081 212 3131 teo
231 3062 358 3157 peccati
376 3055 513 3153 alicujus
528 3059 674 3130 mortalis
693 3060 846 3155 disiingul
870 3051 989 3128 <lebete
1006 3054 1051 3123 ι’·

151 3161 263 3233 arium
283 3161 474 3256 peccatiqui
486 3156 609 3230 transit.
629 3168 815 3231 meatum
831 3154 886 3227 seu
898 3148 1058 3226 maculato

150 3283 224 3357 que
243 3256 380 3357 superest
399 3259 470 3356 post
489 3256 658 3357 physicum
685 3261 811 3356 peccari
823 3257 966 3338 astum,
989 3262 1060 3345 qut

150 3358 281 3431 macula
294 3355 377 3430 nihil
394 3355 481 3427 aliud
499 3360 563 3445 est,
575 3356 677 3453 quim
689 3380 861 3456 peccatum
876 3351 981 3453 ipsum
993 3364 1066 3419 noo

152 3460 362 3531 reucolatum
374 3453 427 3526 sed
444 3457 608 3528 moraliter
619 3456 837 3555 perseverans·
852 3446 1065 3527 Reatusvetia

154 3557 211 3631 ille
229 3557 346 3657 triplex
374 3557 526 3653 distingui
553 3555 656 3644 solet,
675 3579 792 3654 nempe
811 3552 940 3655 culpae,
960 3560 1067 3650 ponc

154 3680 279 3729 aterna
290 3711 301 3742 ‚
313 3662 349 3728 &
361 3682 463 3753 ponar
475 3654 674 3754 temporalis.
690 3666 746 3746 3⁰.
758 3651 914 3727 asscitum
923 3648 1070 3750 peccati,

156 3756 212 3830 seu
231 3756 508 3856 complacentiam
526 3755 785 3831 &voluntatem
806 3753 973 3854 peccandi·
996 3754 1078 3833 4⁰·

155 3855 383 4023 infilpmitarem
403 3882 475 3954 qua
486 3882 526 3929 cx
543 3859 698 3929 diuturno
711 3852 827 3929 habitu
847 3854 1081 3955 peccatiton»

160 3974 210 4025 tta
235 3974 314 4027 rtur.
