<?xml version="1.0" encoding="UTF-8"?>
<!DOCTYPE html PUBLIC "-//W3C//DTD XHTML 1.0 Transitional//EN"
    "http://www.w3.org/TR/xhtml1/DTD/xhtml1-transitional.dtd">
<html xmlns="http://www.w3.org/1999/xhtml" xml:lang="en" lang="en">
 <head>
  <title>
</title>
<meta http-equiv="Content-Type" content="text/html;charset=utf-8" />
  <meta name='ocr-system' content='tesseract 3.04.00' />
  <meta name='ocr-capabilities' content='ocr_page ocr_carea ocr_par ocr_line ocrx_word'/>
</head>
<body>
  <div class='ocr_page' id='page_1' title='image "./prlectionestheo00tourgoog_0270.png"; bbox 0 0 2752 4756; ppageno 0'>
   <div class='ocr_carea' id='block_1_1' title="bbox 168 629 882 715">
    <p class='ocr_par' dir='ltr' id='par_1_1' title="bbox 168 629 882 715">
     <span class='ocr_line' id='line_1_1' title="bbox 168 629 882 715; baseline -0.008 -8"><span class='ocrx_word' id='word_1_1' title='bbox 168 657 239 715; x_wconf 70' lang='lat' dir='ltr'>etr</span> <span class='ocrx_word' id='word_1_2' title='bbox 380 632 454 699; x_wconf 84' lang='lat' dir='ltr'>Dr</span> <span class='ocrx_word' id='word_1_3' title='bbox 484 629 882 706; x_wconf 67' lang='lat' dir='ltr'>tentamenta</span> 
     </span>
    </p>
   </div>
   <div class='ocr_carea' id='block_1_2' title="bbox 329 919 873 999">
    <p class='ocr_par' dir='ltr' id='par_1_2' title="bbox 329 919 873 999">
     <span class='ocr_line' id='line_1_2' title="bbox 329 919 873 999; baseline -0.013 0"><span class='ocrx_word' id='word_1_4' title='bbox 329 919 749 999; x_wconf 77' lang='lat' dir='ltr'>nnthUtus</span> <span class='ocrx_word' id='word_1_5' title='bbox 789 925 873 994; x_wconf 88' lang='lat'><strong>111.</strong></span> 
     </span>
    </p>
   </div>
   <div class='ocr_carea' id='block_1_3' title="bbox 208 1083 1090 1360">
    <p class='ocr_par' dir='ltr' id='par_1_3' title="bbox 208 1083 1090 1360">
     <span class='ocr_line' id='line_1_3' title="bbox 208 1083 1090 1192; baseline -0.007 -26"><span class='ocrx_word' id='word_1_6' title='bbox 208 1084 275 1166; x_wconf 71' lang='lat' dir='ltr'>An&#39;</span> <span class='ocrx_word' id='word_1_7' title='bbox 292 1093 429 1192; x_wconf 76' lang='lat' dir='ltr'>perfossa</span> <span class='ocrx_word' id='word_1_8' title='bbox 449 1094 597 1164; x_wconf 82' lang='lat' dir='ltr'>contritio</span> <span class='ocrx_word' id='word_1_9' title='bbox 623 1092 671 1183; x_wconf 83' lang='lat' dir='ltr'>fir</span> <span class='ocrx_word' id='word_1_10' title='bbox 697 1087 855 1190; x_wconf 80' lang='lat' dir='ltr'>dispofitio</span> <span class='ocrx_word' id='word_1_11' title='bbox 886 1083 1050 1184; x_wconf 68' lang='lat' dir='ltr'>neceffaerii</span> <span class='ocrx_word' id='word_1_12' title='bbox 1073 1158 1090 1191; x_wconf 56' lang='lat'>‚</span> 
     </span>
     <span class='ocr_line' id='line_1_4' title="bbox 254 1188 1004 1292; baseline 0.005 -37"><span class='ocrx_word' id='word_1_13' title='bbox 254 1188 757 1292; x_wconf 70' lang='lat' dir='ltr'>patrequifiraad&#39;percipiendum</span> <span class='ocrx_word' id='word_1_14' title='bbox 768 1193 1004 1259; x_wconf 69' lang='lat' dir='ltr'><em>Sacramentum</em></span> 
     </span>
     <span class='ocr_line' id='line_1_5' title="bbox 519 1294 720 1360; baseline -0.01 0"><span class='ocrx_word' id='word_1_15' title='bbox 519 1294 720 1360; x_wconf 71' lang='lat' dir='ltr'>Paenitentia.</span> 
     </span>
    </p>
   </div>
   <div class='ocr_carea' id='block_1_4' title="bbox 166 1428 1083 3633">
    <p class='ocr_par' dir='ltr' id='par_1_4' title="bbox 166 1428 1080 1903">
     <span class='ocr_line' id='line_1_6' title="bbox 278 1428 1079 1528; baseline 0.001 -26"><span class='ocrx_word' id='word_1_16' title='bbox 278 1428 471 1504; x_wconf 79' lang='lat' dir='ltr'>Uastiohic</span> <span class='ocrx_word' id='word_1_17' title='bbox 483 1435 608 1504; x_wconf 86' lang='lat' dir='ltr'>nonest</span> <span class='ocrx_word' id='word_1_18' title='bbox 627 1454 758 1518; x_wconf 85' lang='lat' dir='ltr'>,utrum</span> <span class='ocrx_word' id='word_1_19' title='bbox 769 1428 888 1528; x_wconf 84' lang='lat' dir='ltr'>aliquis</span> <span class='ocrx_word' id='word_1_20' title='bbox 907 1428 972 1502; x_wconf 91' lang='lat' dir='ltr'>Dei</span> <span class='ocrx_word' id='word_1_21' title='bbox 983 1454 1079 1503; x_wconf 80' lang='lat' dir='ltr'>amor</span> 
     </span>
     <span class='ocr_line' id='line_1_7' title="bbox 173 1433 1080 1631; baseline 0.006 -33"><span class='ocrx_word' id='word_1_22' title='bbox 173 1433 262 1621; x_wconf 87' lang='lat' dir='ltr'><strong>Q</strong></span> <span class='ocrx_word' id='word_1_23' title='bbox 275 1527 466 1605; x_wconf 82' lang='lat' dir='ltr'>necessarius</span> <span class='ocrx_word' id='word_1_24' title='bbox 477 1530 514 1603; x_wconf 83' lang='lat' dir='ltr'>fit&#39;</span> <span class='ocrx_word' id='word_1_25' title='bbox 523 1539 557 1605; x_wconf 92' lang='lat' dir='ltr'>in</span> <span class='ocrx_word' id='word_1_26' title='bbox 570 1537 767 1631; x_wconf 75' lang='lat' dir='ltr'>permirtum,</span> <span class='ocrx_word' id='word_1_27' title='bbox 781 1552 817 1602; x_wconf 92' lang='lat' dir='ltr'>ut</span> <span class='ocrx_word' id='word_1_28' title='bbox 829 1533 869 1602; x_wconf 83' lang='lat' dir='ltr'>ad</span> <span class='ocrx_word' id='word_1_29' title='bbox 883 1535 1080 1603; x_wconf 84' lang='lat' dir='ltr'>Sacramen-</span> 
     </span>
     <span class='ocr_line' id='line_1_8' title="bbox 166 1630 1080 1731; baseline 0.004 -33"><span class='ocrx_word' id='word_1_30' title='bbox 166 1652 240 1701; x_wconf 87' lang='lat' dir='ltr'>tum</span> <span class='ocrx_word' id='word_1_31' title='bbox 263 1633 464 1705; x_wconf 82' lang='lat' dir='ltr'>Poenitentiae</span> <span class='ocrx_word' id='word_1_32' title='bbox 480 1630 590 1722; x_wconf 70' lang='lat' dir='ltr'>debite</span> <span class='ocrx_word' id='word_1_33' title='bbox 603 1639 638 1704; x_wconf 90' lang='lat'>&amp;</span> <span class='ocrx_word' id='word_1_34' title='bbox 651 1654 827 1731; x_wconf 89' lang='lat' dir='ltr'>utopottet</span> <span class='ocrx_word' id='word_1_35' title='bbox 841 1632 994 1709; x_wconf 66' lang='lat' dir='ltr'>accedam</span> <span class='ocrx_word' id='word_1_36' title='bbox 1009 1631 1080 1706; x_wconf 80' lang='lat' dir='ltr'>hoe</span> 
     </span>
     <span class='ocr_line' id='line_1_9' title="bbox 169 1727 1079 1831; baseline 0.005 -32"><span class='ocrx_word' id='word_1_37' title='bbox 169 1735 292 1828; x_wconf 88' lang='lat' dir='ltr'>quippe</span> <span class='ocrx_word' id='word_1_38' title='bbox 308 1755 516 1804; x_wconf 81' lang='lat' dir='ltr'>momentum</span> <span class='ocrx_word' id='word_1_39' title='bbox 532 1735 724 1831; x_wconf 71' lang='lat' dir='ltr'>Quaestione</span> <span class='ocrx_word' id='word_1_40' title='bbox 743 1727 890 1829; x_wconf 79' lang='lat' dir='ltr'>sequenti</span> <span class='ocrx_word' id='word_1_41' title='bbox 909 1734 1079 1830; x_wconf 62' lang='lat' dir='ltr'>expendeq</span> 
     </span>
     <span class='ocr_line' id='line_1_10' title="bbox 168 1855 257 1903; baseline -0.034 0"><span class='ocrx_word' id='word_1_42' title='bbox 168 1855 257 1903; x_wconf 79' lang='lat' dir='ltr'>ntus.</span> 
     </span>
    </p>

    <p class='ocr_par' dir='ltr' id='par_1_5' title="bbox 167 1930 1081 2502">
     <span class='ocr_line' id='line_1_11' title="bbox 222 1930 1081 2033; baseline 0.009 -34"><span class='ocrx_word' id='word_1_43' title='bbox 222 1930 369 2019; x_wconf 74' lang='lat' dir='ltr'>Quaestio</span> <span class='ocrx_word' id='word_1_44' title='bbox 387 1936 581 2033; x_wconf 84' lang='lat' dir='ltr'>pariternon</span> <span class='ocrx_word' id='word_1_45' title='bbox 593 1934 638 2004; x_wconf 84' lang='lat' dir='ltr'>est</span> <span class='ocrx_word' id='word_1_46' title='bbox 649 1954 775 2015; x_wconf 88' lang='lat' dir='ltr'>‚utrum</span> <span class='ocrx_word' id='word_1_47' title='bbox 791 1934 901 2003; x_wconf 88' lang='lat' dir='ltr'>omnis</span> <span class='ocrx_word' id='word_1_48' title='bbox 909 1956 1003 2003; x_wconf 84' lang='lat' dir='ltr'>emor</span> <span class='ocrx_word' id='word_1_49' title='bbox 1012 1934 1081 2007; x_wconf 84' lang='lat' dir='ltr'>Dei</span> 
     </span>
     <span class='ocr_line' id='line_1_12' title="bbox 167 2029 1077 2127; baseline 0.002 -24"><span class='ocrx_word' id='word_1_50' title='bbox 167 2029 386 2127; x_wconf 74' lang='lat' dir='ltr'>superomnia</span> <span class='ocrx_word' id='word_1_51' title='bbox 406 2060 447 2105; x_wconf 85' lang='lat' dir='ltr'>ex</span> <span class='ocrx_word' id='word_1_52' title='bbox 467 2032 499 2104; x_wconf 91' lang='lat' dir='ltr'>se</span> <span class='ocrx_word' id='word_1_53' title='bbox 520 2035 689 2105; x_wconf 85' lang='lat' dir='ltr'>hominem</span> <span class='ocrx_word' id='word_1_54' title='bbox 711 2031 918 2103; x_wconf 61' lang='lat' dir='ltr'>stnmifiret:</span> <span class='ocrx_word' id='word_1_55' title='bbox 946 2033 1077 2105; x_wconf 80' lang='lat' dir='ltr'>constet</span> 
     </span>
     <span class='ocr_line' id='line_1_13' title="bbox 169 2126 1081 2217; baseline 0.007 -16"><span class='ocrx_word' id='word_1_56' title='bbox 169 2134 258 2201; x_wconf 88' lang='lat' dir='ltr'>enim</span> <span class='ocrx_word' id='word_1_57' title='bbox 269 2156 308 2201; x_wconf 84' lang='lat' dir='ltr'>ex</span> <span class='ocrx_word' id='word_1_58' title='bbox 322 2136 385 2217; x_wconf 83' lang='lat' dir='ltr'>jam</span> <span class='ocrx_word' id='word_1_59' title='bbox 401 2137 498 2206; x_wconf 75' lang='lat' dir='ltr'>dietis</span> <span class='ocrx_word' id='word_1_60' title='bbox 511 2133 660 2207; x_wconf 83' lang='lat' dir='ltr'>Artituso</span> <span class='ocrx_word' id='word_1_61' title='bbox 674 2132 836 2216; x_wconf 87' lang='lat' dir='ltr'>secundo,</span> <span class='ocrx_word' id='word_1_62' title='bbox 851 2126 1081 2207; x_wconf 78' lang='lat' dir='ltr'>concrufione</span> 
     </span>
     <span class='ocr_line' id='line_1_14' title="bbox 168 2230 1080 2330; baseline 0.003 -27"><span class='ocrx_word' id='word_1_63' title='bbox 168 2231 310 2303; x_wconf 77' lang='lat' dir='ltr'>secundi</span> <span class='ocrx_word' id='word_1_64' title='bbox 324 2239 360 2304; x_wconf 88' lang='lat'>&amp;</span> <span class='ocrx_word' id='word_1_65' title='bbox 373 2235 489 2319; x_wconf 72' lang='lat' dir='ltr'>tertii,</span> <span class='ocrx_word' id='word_1_66' title='bbox 504 2234 609 2305; x_wconf 87' lang='lat' dir='ltr'>solum</span> <span class='ocrx_word' id='word_1_67' title='bbox 627 2257 771 2305; x_wconf 87' lang='lat' dir='ltr'>amorem</span> <span class='ocrx_word' id='word_1_68' title='bbox 786 2235 849 2303; x_wconf 86' lang='lat' dir='ltr'>Dei</span> <span class='ocrx_word' id='word_1_69' title='bbox 860 2230 1080 2330; x_wconf 70' lang='lat' dir='ltr'>superomnia</span> 
     </span>
     <span class='ocr_line' id='line_1_15' title="bbox 169 2329 1080 2434; baseline 0.008 -33"><span class='ocrx_word' id='word_1_70' title='bbox 169 2329 319 2402; x_wconf 77' lang='lat' dir='ltr'>elicitum</span> <span class='ocrx_word' id='word_1_71' title='bbox 337 2359 378 2404; x_wconf 83' lang='lat' dir='ltr'>ex</span> <span class='ocrx_word' id='word_1_72' title='bbox 393 2338 521 2408; x_wconf 80' lang='lat' dir='ltr'>motivo</span> <span class='ocrx_word' id='word_1_73' title='bbox 540 2338 675 2434; x_wconf 90' lang='lat' dir='ltr'>proprio</span> <span class='ocrx_word' id='word_1_74' title='bbox 694 2330 859 2404; x_wconf 84' lang='lat' dir='ltr'>charitatis</span> <span class='ocrx_word' id='word_1_75' title='bbox 876 2384 889 2419; x_wconf 91' lang='lat'>,</span> <span class='ocrx_word' id='word_1_76' title='bbox 909 2337 977 2403; x_wconf 87' lang='lat' dir='ltr'>vim</span> <span class='ocrx_word' id='word_1_77' title='bbox 989 2332 1080 2408; x_wconf 74' lang='lat' dir='ltr'>hane</span> 
     </span>
     <span class='ocr_line' id='line_1_16' title="bbox 167 2429 304 2502; baseline -0.007 0"><span class='ocrx_word' id='word_1_78' title='bbox 167 2429 304 2502; x_wconf 80' lang='lat' dir='ltr'>habete.</span> 
     </span>
    </p>

    <p class='ocr_par' dir='ltr' id='par_1_6' title="bbox 168 2528 1081 2830">
     <span class='ocr_line' id='line_1_17' title="bbox 228 2528 1077 2624; baseline -0.002 -19"><span class='ocrx_word' id='word_1_79' title='bbox 228 2532 377 2624; x_wconf 78' lang='lat' dir='ltr'>Qtaestio</span> <span class='ocrx_word' id='word_1_80' title='bbox 393 2535 567 2602; x_wconf 82' lang='lat' dir='ltr'>etiamnon</span> <span class='ocrx_word' id='word_1_81' title='bbox 584 2532 649 2617; x_wconf 75' lang='lat' dir='ltr'>esi,</span> <span class='ocrx_word' id='word_1_82' title='bbox 663 2553 771 2601; x_wconf 89' lang='lat' dir='ltr'>utrum</span> <span class='ocrx_word' id='word_1_83' title='bbox 784 2528 924 2601; x_wconf 83' lang='lat' dir='ltr'>charitas</span> <span class='ocrx_word' id='word_1_84' title='bbox 943 2537 979 2602; x_wconf 89' lang='lat'>&amp;</span> <span class='ocrx_word' id='word_1_85' title='bbox 990 2555 1077 2603; x_wconf 86' lang='lat' dir='ltr'>eon·</span> 
     </span>
     <span class='ocr_line' id='line_1_18' title="bbox 168 2620 1081 2730; baseline 0.001 -27"><span class='ocrx_word' id='word_1_86' title='bbox 168 2635 265 2703; x_wconf 85' lang='lat' dir='ltr'>tritio</span> <span class='ocrx_word' id='word_1_87' title='bbox 283 2620 426 2730; x_wconf 68' lang='lat' dir='ltr'>perfeeto</span> <span class='ocrx_word' id='word_1_88' title='bbox 442 2633 595 2727; x_wconf 79' lang='lat' dir='ltr'>justitiam</span> <span class='ocrx_word' id='word_1_89' title='bbox 613 2629 762 2702; x_wconf 85' lang='lat' dir='ltr'>conserat</span> <span class='ocrx_word' id='word_1_90' title='bbox 780 2653 871 2702; x_wconf 87' lang='lat' dir='ltr'>extra</span> <span class='ocrx_word' id='word_1_91' title='bbox 885 2636 1081 2704; x_wconf 81' lang='lat' dir='ltr'>Sacramen-</span> 
     </span>
     <span class='ocr_line' id='line_1_19' title="bbox 171 2728 1078 2830; baseline 0.003 -27"><span class='ocrx_word' id='word_1_92' title='bbox 171 2754 265 2803; x_wconf 88' lang='lat' dir='ltr'>tum:</span> <span class='ocrx_word' id='word_1_93' title='bbox 286 2735 325 2801; x_wconf 89' lang='lat' dir='ltr'>de</span> <span class='ocrx_word' id='word_1_94' title='bbox 341 2731 403 2800; x_wconf 90' lang='lat' dir='ltr'>hoc</span> <span class='ocrx_word' id='word_1_95' title='bbox 423 2735 511 2801; x_wconf 89' lang='lat' dir='ltr'>enim</span> <span class='ocrx_word' id='word_1_96' title='bbox 520 2756 599 2802; x_wconf 83' lang='lat' dir='ltr'>mox</span> <span class='ocrx_word' id='word_1_97' title='bbox 608 2734 736 2830; x_wconf 80' lang='lat' dir='ltr'>egimus</span> <span class='ocrx_word' id='word_1_98' title='bbox 751 2729 901 2804; x_wconf 84' lang='lat' dir='ltr'>Articulo</span> <span class='ocrx_word' id='word_1_99' title='bbox 919 2728 1078 2806; x_wconf 82' lang='lat' dir='ltr'>secundo.</span> 
     </span>
    </p>

    <p class='ocr_par' dir='ltr' id='par_1_7' title="bbox 166 2828 1083 3516">
     <span class='ocr_line' id='line_1_20' title="bbox 197 2828 1082 2930; baseline 0.007 -30"><span class='ocrx_word' id='word_1_100' title='bbox 197 2832 346 2926; x_wconf 77' lang='lat' dir='ltr'>Qaestio</span> <span class='ocrx_word' id='word_1_101' title='bbox 356 2856 435 2928; x_wconf 79' lang='lat' dir='ltr'>ergo</span> <span class='ocrx_word' id='word_1_102' title='bbox 445 2833 613 2917; x_wconf 81' lang='lat' dir='ltr'>esi,utrum</span> <span class='ocrx_word' id='word_1_103' title='bbox 626 2833 784 2903; x_wconf 87' lang='lat' dir='ltr'>contritio</span> <span class='ocrx_word' id='word_1_104' title='bbox 794 2828 937 2929; x_wconf 67' lang='lat' dir='ltr'>persesia</span> <span class='ocrx_word' id='word_1_105' title='bbox 947 2857 1020 2927; x_wconf 79' lang='lat' dir='ltr'>quae</span> <span class='ocrx_word' id='word_1_106' title='bbox 1031 2835 1082 2930; x_wconf 86' lang='lat' dir='ltr'>ju·</span> 
     </span>
     <span class='ocr_line' id='line_1_21' title="bbox 166 2929 1081 3025; baseline 0.008 -26"><span class='ocrx_word' id='word_1_107' title='bbox 166 2931 290 3013; x_wconf 70' lang='lat' dir='ltr'>{siitiam</span> <span class='ocrx_word' id='word_1_108' title='bbox 300 2931 426 3001; x_wconf 85' lang='lat' dir='ltr'>tonsett</span> <span class='ocrx_word' id='word_1_109' title='bbox 437 2956 476 3001; x_wconf 90' lang='lat' dir='ltr'>ex</span> <span class='ocrx_word' id='word_1_110' title='bbox 490 2930 533 3017; x_wconf 87' lang='lat' dir='ltr'>se,</span> <span class='ocrx_word' id='word_1_111' title='bbox 543 2931 757 3003; x_wconf 80' lang='lat' dir='ltr'>abstrahendo</span> <span class='ocrx_word' id='word_1_112' title='bbox 770 2933 811 3000; x_wconf 87' lang='lat' dir='ltr'>ab</span> <span class='ocrx_word' id='word_1_113' title='bbox 821 2929 883 3001; x_wconf 76' lang='lat' dir='ltr'>alii</span> <span class='ocrx_word' id='word_1_114' title='bbox 899 2936 1081 3025; x_wconf 78' lang='lat' dir='ltr'>quaestione</span> 
     </span>
     <span class='ocr_line' id='line_1_22' title="bbox 172 3028 1080 3130; baseline 0.006 -28"><span class='ocrx_word' id='word_1_115' title='bbox 172 3032 259 3102; x_wconf 86' lang='lat' dir='ltr'>unde</span> <span class='ocrx_word' id='word_1_116' title='bbox 270 3028 386 3099; x_wconf 86' lang='lat' dir='ltr'>habeat</span> <span class='ocrx_word' id='word_1_117' title='bbox 398 3053 432 3101; x_wconf 92' lang='lat' dir='ltr'>ut</span> <span class='ocrx_word' id='word_1_118' title='bbox 448 3038 482 3101; x_wconf 84' lang='lat' dir='ltr'>stt</span> <span class='ocrx_word' id='word_1_119' title='bbox 496 3031 655 3130; x_wconf 67' lang='lat' dir='ltr'>perfecta,</span> <span class='ocrx_word' id='word_1_120' title='bbox 677 3029 713 3101; x_wconf 88' lang='lat' dir='ltr'>stt</span> <span class='ocrx_word' id='word_1_121' title='bbox 727 3028 893 3127; x_wconf 82' lang='lat' dir='ltr'>dispositio</span> <span class='ocrx_word' id='word_1_122' title='bbox 906 3030 1080 3106; x_wconf 75' lang='lat' dir='ltr'>necessaria</span> 
     </span>
     <span class='ocr_line' id='line_1_23' title="bbox 167 3133 954 3228; baseline -0.003 -26"><span class='ocrx_word' id='word_1_123' title='bbox 167 3133 468 3228; x_wconf 81' lang='lat' dir='ltr'>adpercipiendtrm</span> <span class='ocrx_word' id='word_1_124' title='bbox 480 3136 724 3203; x_wconf 84' lang='lat' dir='ltr'>Sacramentum</span> <span class='ocrx_word' id='word_1_125' title='bbox 736 3135 954 3202; x_wconf 83' lang='lat' dir='ltr'>Poenitentiae.</span> 
     </span>
     <span class='ocr_line' id='line_1_24' title="bbox 168 3228 1081 3329; baseline 0.002 -29"><span class='ocrx_word' id='word_1_126' title='bbox 168 3250 184 3309; x_wconf 84' lang='grc'>·,</span> <span class='ocrx_word' id='word_1_127' title='bbox 216 3231 427 3326; x_wconf 78' lang='lat' dir='ltr'>Circrquam</span> <span class='ocrx_word' id='word_1_128' title='bbox 442 3231 696 3304; x_wconf 78' lang='lat' dir='ltr'>controuersiam</span> <span class='ocrx_word' id='word_1_129' title='bbox 716 3235 785 3300; x_wconf 82' lang='lat' dir='ltr'>duae</span> <span class='ocrx_word' id='word_1_130' title='bbox 805 3235 984 3329; x_wconf 79' lang='lat' dir='ltr'>generatim</span> <span class='ocrx_word' id='word_1_131' title='bbox 1004 3228 1081 3303; x_wconf 82' lang='lat' dir='ltr'>sunt</span> 
     </span>
     <span class='ocr_line' id='line_1_25' title="bbox 167 3326 1083 3430; baseline -0.001 -28"><span class='ocrx_word' id='word_1_132' title='bbox 167 3327 421 3430; x_wconf 73' lang='lat' dir='ltr'>-Tlieologorpm</span> <span class='ocrx_word' id='word_1_133' title='bbox 431 3329 593 3405; x_wconf 84' lang='lat' dir='ltr'>sententia</span> <span class='ocrx_word' id='word_1_134' title='bbox 603 3385 615 3421; x_wconf 88' lang='lat'>‚</span> <span class='ocrx_word' id='word_1_135' title='bbox 625 3358 689 3404; x_wconf 86' lang='lat' dir='ltr'>una</span> <span class='ocrx_word' id='word_1_136' title='bbox 702 3326 887 3417; x_wconf 83' lang='lat' dir='ltr'>affirmans,</span> <span class='ocrx_word' id='word_1_137' title='bbox 900 3355 1025 3429; x_wconf 78' lang='lat' dir='ltr'>negans</span> <span class='ocrx_word' id='word_1_138' title='bbox 1033 3326 1083 3401; x_wconf 82' lang='lat' dir='ltr'>as·</span> 
     </span>
     <span class='ocr_line' id='line_1_26' title="bbox 167 3454 467 3516; baseline -0.01 -13"><span class='ocrx_word' id='word_1_139' title='bbox 167 3454 250 3507; x_wconf 81' lang='lat' dir='ltr'>terr.</span> <span class='ocrx_word' id='word_1_140' title='bbox 464 3509 467 3516; x_wconf 48' lang='grc'><em>,</em></span> 
     </span>
    </p>

    <p class='ocr_par' dir='ltr' id='par_1_8' title="bbox 206 3522 1080 3633">
     <span class='ocr_line' id='line_1_27' title="bbox 206 3522 1080 3633; baseline -0.005 -30"><span class='ocrx_word' id='word_1_141' title='bbox 206 3526 346 3603; x_wconf 79' lang='lat' dir='ltr'>Duobus</span> <span class='ocrx_word' id='word_1_142' title='bbox 355 3554 464 3603; x_wconf 85' lang='lat' dir='ltr'>aurern</span> <span class='ocrx_word' id='word_1_143' title='bbox 473 3530 647 3633; x_wconf 73' lang='lat' dir='ltr'>presertim</span> <span class='ocrx_word' id='word_1_144' title='bbox 656 3529 764 3601; x_wconf 86' lang='lat' dir='ltr'>modis</span> <span class='ocrx_word' id='word_1_145' title='bbox 772 3523 938 3599; x_wconf 79' lang='lat' dir='ltr'>affirmans</span> <span class='ocrx_word' id='word_1_146' title='bbox 946 3522 1080 3599; x_wconf 88' lang='lat' dir='ltr'>senten·</span> 
     </span>
    </p>
   </div>
   <div class='ocr_carea' id='block_1_5' title="bbox 168 3632 1078 3828">
    <p class='ocr_par' dir='ltr' id='par_1_9' title="bbox 168 3632 1078 3828">
     <span class='ocr_line' id='line_1_28' title="bbox 168 3632 535 3713; baseline 0.003 -12"><span class='ocrx_word' id='word_1_147' title='bbox 168 3632 424 3703; x_wconf 84' lang='lat' dir='ltr'>tiadesendirut.</span> <span class='ocrx_word' id='word_1_148' title='bbox 529 3704 535 3713; x_wconf 67' lang='grc'><strong><em>,</em></strong></span> 
     </span>
     <span class='ocr_line' id='line_1_29' title="bbox 216 3718 1078 3828; baseline -0.005 -25"><span class='ocrx_word' id='word_1_149' title='bbox 216 3739 265 3804; x_wconf 76' lang='lat'>1⁰.</span> <span class='ocrx_word' id='word_1_150' title='bbox 279 3739 362 3805; x_wconf 84' lang='lat' dir='ltr'>Sunt</span> <span class='ocrx_word' id='word_1_151' title='bbox 380 3733 437 3828; x_wconf 86' lang='lat' dir='ltr'>qui</span> <span class='ocrx_word' id='word_1_152' title='bbox 449 3728 566 3817; x_wconf 83' lang='lat' dir='ltr'>volunt</span> <span class='ocrx_word' id='word_1_153' title='bbox 576 3724 754 3827; x_wconf 56' lang='lat' dir='ltr'>perseriam</span> <span class='ocrx_word' id='word_1_154' title='bbox 767 3728 1002 3797; x_wconf 88' lang='lat' dir='ltr'>contritionem</span> <span class='ocrx_word' id='word_1_155' title='bbox 1012 3718 1078 3799; x_wconf 86' lang='lat' dir='ltr'>esse</span> 
     </span>
    </p>
   </div>
   <div class='ocr_carea' id='block_1_6' title="bbox 160 3826 1080 4131">
    <p class='ocr_par' dir='ltr' id='par_1_10' title="bbox 160 3826 1080 4131">
     <span class='ocr_line' id='line_1_30' title="bbox 166 3826 1079 3930; baseline -0.002 -31"><span class='ocrx_word' id='word_1_156' title='bbox 166 3827 409 3930; x_wconf 79' lang='lat' dir='ltr'>dispositionem</span> <span class='ocrx_word' id='word_1_157' title='bbox 426 3827 633 3901; x_wconf 80' lang='lat' dir='ltr'>necessariam</span> <span class='ocrx_word' id='word_1_158' title='bbox 653 3833 689 3897; x_wconf 87' lang='lat'>&amp;</span> <span class='ocrx_word' id='word_1_159' title='bbox 709 3828 933 3897; x_wconf 82' lang='lat' dir='ltr'>immediatam</span> <span class='ocrx_word' id='word_1_160' title='bbox 959 3826 998 3896; x_wconf 81' lang='lat' dir='ltr'>ars</span> <span class='ocrx_word' id='word_1_161' title='bbox 1015 3836 1079 3899; x_wconf 78' lang='lat' dir='ltr'>Sa·</span> 
     </span>
     <span class='ocr_line' id='line_1_31' title="bbox 164 3924 1080 4030; baseline -0.002 -31"><span class='ocrx_word' id='word_1_162' title='bbox 164 3929 487 4004; x_wconf 66' lang='lat' dir='ltr'>cramenrumdebiri’</span> <span class='ocrx_word' id='word_1_163' title='bbox 499 3931 765 4030; x_wconf 86' lang='lat' dir='ltr'>percipiendum,</span> <span class='ocrx_word' id='word_1_164' title='bbox 778 3932 822 3997; x_wconf 81' lang='lat' dir='ltr'>ita</span> <span class='ocrx_word' id='word_1_165' title='bbox 832 3949 867 3996; x_wconf 90' lang='lat' dir='ltr'>ut</span> <span class='ocrx_word' id='word_1_166' title='bbox 876 3930 1000 3997; x_wconf 85' lang='lat' dir='ltr'>attritio</span> <span class='ocrx_word' id='word_1_167' title='bbox 1009 3924 1080 4024; x_wconf 82' lang='lat' dir='ltr'>pse·</span> 
     </span>
     <span class='ocr_line' id='line_1_32' title="bbox 160 4028 1077 4131; baseline -0.001 -30"><span class='ocrx_word' id='word_1_168' title='bbox 160 4034 204 4103; x_wconf 74' lang='lat' dir='ltr'>ne</span> <span class='ocrx_word' id='word_1_169' title='bbox 216 4031 255 4106; x_wconf 91' lang='lat' dir='ltr'>stt</span> <span class='ocrx_word' id='word_1_170' title='bbox 271 4031 482 4109; x_wconf 77' lang='lat' dir='ltr'>insufficiens.</span> <span class='ocrx_word' id='word_1_171' title='bbox 504 4041 552 4105; x_wconf 85' lang='lat' dir='ltr'>lta</span> <span class='ocrx_word' id='word_1_172' title='bbox 571 4032 733 4131; x_wconf 79' lang='lat' dir='ltr'>Magister</span> <span class='ocrx_word' id='word_1_173' title='bbox 753 4028 1023 4117; x_wconf 79' lang='lat' dir='ltr'>Sententiarum,</span> <span class='ocrx_word' id='word_1_174' title='bbox 1037 4032 1077 4100; x_wconf 73' lang='grc' dir='ltr'>δε</span> 
     </span>
    </p>
   </div>
   <div class='ocr_carea' id='block_1_7' title="bbox 0 0 1380 4756">
    <p class='ocr_par' dir='ltr' id='par_1_11' title="bbox 0 0 1380 4756">
     <span class='ocr_line' id='line_1_33' title="bbox 0 0 1380 4756; baseline 0 0"><span class='ocrx_word' id='word_1_175' title='bbox 0 0 1380 4756; x_wconf 95' lang='lat' dir='ltr'> </span> 
     </span>
    </p>
   </div>
  </div>
 </body>
</html>
