2752 4756
147 567 234 637 'ani
331 566 397 636 Dr
439 566 532 640 Por
559 589 582 638 rt
611 591 625 640 r
650 577 830 644 arura
858 576 901 638 a:

147 664 307 736 Diaconis
329 661 421 759 supra
437 670 646 762 prenitentes:
666 670 741 759 quis
755 669 846 736 'enim
865 638 1044 764 igno'raiil

146 762 229 845 lant,
260 765 336 832 telle
357 769 390 834 S.
405 769 607 863 Augustin03
627 762 718 835 suille
734 769 905 836 dumtaxat
925 756 1072 836 (καίν’

142 887 219 934 nem
230 867 244 931 ἓ
257 866 343 957 Qus
355 864 513 961 ignorati
533 864 635 938 Clean
649 868 747 935 etiam
765 861 917 938 inferiori
939 880 1047 934 manus

142 960 217 1034 illas
231 960 322 1032 suill'e
342 962 532 1060 impositas?

194 1065 276 1133 Non
286 1064 429 1157 denique
446 1094 484 1135 ex
494 1088 573 1162 pace
585 1081 686 1156 quarn
699 1058 773 1132 aiti
792 1064 957 1134 Diaconis
970 1049 1049 1155 polle

143 1162 226 1234 darn
251 1166 463 1257 Quamquam
485 1164 573 1230 enim
596 1161 863 1258 fateamurpacis
876 1160 975 1244 huius
992 1177 1051 1225 no·

72 1318 79 1328 .
146 1268 235 1333 utine
247 1269 281 1335 S·
293 1255 691 1360 Cyprianuminrellexisse
702 1256 774 1330 tum
789 1254 1052 1331 sacramentalem

148 1359 414 1433 absolutionernai
434 1361 590 1460 peccatis,
613 1359 685 1431 raim
697 1364 898 1430 canonicam
917 1367 955 1431 dc
968 1377 1053 1429 cere·

149 1461 327 1534 monialem
355 1460 657 1546 reconciliationem
682 1482 761 1528 eum
792 1458 968 1546 Ecclefii,
987 1477 1052 1557 quq

149 1559 292 1635 clausula
303 1585 369 1632 erat
379 1567 478 1632 totius
489 1564 683 1658 poenitentia
695 1612 706 1644 ,
720 1582 869 1631 attamen
884 1561 1052 1632 constater

150 1664 246 1736 druis
262 1659 427 1760 superitis,
446 1658 609 1756 aliquibus
622 1665 657 1730 in
669 1655 793 1730 casibus
806 1662 921 1733 darant
934 1655 996 1728 else
1005 1648 1052 1731 vti

148 1757 250 1832 solam
261 1758 522 1832 sacramentalem
531 1758 770 1831 absolutionem
780 1757 1053 1832 fineceremoltia·

150 1859 174 1932 li
189 1867 223 1932 dc
233 1859 492 1932 reconciliatoris
503 1857 619 1930 manias
634 1856 868 1952 impositione,
882 1884 921 1932 ut
935 1857 1053 1929 constat

151 1985 193 2032 ex
212 1965 300 2034 can.
320 1988 352 2053 3.
368 1960 515 2032 Concilii
527 1967 555 2032 1.
571 1957 785 2036 Arausrcanir
809 1961 865 2032 'vel
884 1957 991 2031 solam
1006 1977 1053 2025 re·t

55 2062 57 2066 '
152 2056 1054 2158 conciliatoriammaniasimpostrionemsinesacramen·

153 2161 211 2232 tali
229 2159 453 2248 absolutione,
473 2182 509 2231 ut
519 2165 553 2232 ira
563 2161 635 2230 calu
646 2182 745 2254 quem
755 2166 918 2258 proponit
941 2158 1053 2250 &eya

153 2265 285 2356 prianus
298 2313 309 2345 ,
322 2285 438 2358 nempe
453 2260 530 2330 crim
541 2283 631 2357 urget
651 2261 764 2328 mortis
783 2258 971 2356 periculum
981 2274 1052 2344 ,net

154 2360 241 2428 adest
262 2364 358 2455 copia
374 2357 524 2456 Episcopi
540 2359 591 2429 nel
605 2359 801 2429 Sacerdotis.

200 2458 335 2529 lnsta'uis
358 2462 407 2531 ιο.
425 2464 461 2537 S
481 2461 666 2553 Cyprianus
687 2459 848 2556 permittit
874 2454 1053 2536 maeonis,

155 2575 191 2625 ut
208 2555 425 2628 idemsaciant
440 2559 531 2652 quod
546 2553 669 2627 lecisset
689 2557 870 2655 Episcopus
881 2553 937 2625 rel
950 2559 1053 2626 Sacer·

157 2656 216 2725 dos
233 2654 256 2726 sr
275 2652 443 2741 adfuisset,
458 2663 492 2726 dc
513 2661 647 2751 quidem
672 2661 785 2727 iisdem
806 2654 908 2753 plane
931 2652 1052 2727 nerbisr

156 2764 246 2850 atqui
262 2754 487 2856 Episcopus&
501 2760 659 2834 Sacerdos
667 2753 940 2827 sacramentalem
956 2753 1054 2853 ipso,

158 2863 238 2924 catis
253 2854 488 2928 absolutionem
503 2852 634 2926 dedisset
650 2883 661 2931 a
678 2881 758 2953 ergo
774 2863 846 2927 διο.

208 2952 311 3054 Resp.
322 2957 395 3026 dist.
409 2955 489 3048 maj.
511 2957 670 3026 Permittit
690 2959 854 3028 Diaconis
870 2954 1002 3025 attidem
1011 2945 1054 3020 sa·

159 3055 249 3124 ciant
269 3058 358 3151 quod
370 3054 545 3152 Episcopus
557 3052 610 3126 ve'l
624 3056 781 3127 Sacerdos
795 3049 923 3128 secilset
933 3048 1054 3139 ‚modi

160 3176 231 3224 non
243 3158 377 3226 excedat
395 3179 507 3229 eorum
523 3158 713 3252 potestatem
725 3160 920 3239 ‚concedet
936 3149 1056 3224 ficato

162 3254 237 3340 dat,
255 3280 351 3354 nego.
371 3260 474 3327 Porro
492 3252 763 3326 sacramentaliter
781 3249 1057 3349 absolvereipec·

163 3360 244 3424 catis
262 3359 388 3428 excedit
405 3357 595 3453 potestatem
616 3358 775 3428 Diaconis
791 3354 811 3427 i
826 3355 966 3428 Christo
982 3374 1057 3422 cona

163 3449 292 3524 celsam·
308 3455 397 3528 Ctim
410 3461 508 3554 igitur
518 3463 552 3527 S·
565 3456 748 3553 Cyprianus
760 3451 878 3527 iisdem
889 3450 995 3524 verbis
1005 3454 1058 3522 uti·

163 3575 216 3625 tur
230 3579 263 3624 ut
279 3561 437 3655 exprimat
447 3579 559 3653 pacem
569 3580 669 3651 quam
678 3550 813 3626 dedisset
823 3546 1056 3656 Episcopusrel

167 3657 348 3742 Sacerdos,
376 3661 411 3725 dc
426 3658 519 3751 cujus
540 3653 744 3729 conferenda
763 3652 938 3727 licentiam
955 3648 1055 3724 tribuit

158 3762 324 3831 Diaconis
338 3760 371 3828 in
385 3751 661 3829 casuneeessrtatis
673 3760 815 3852 ,exponi
826 3753 925 3827 debet
934 3774 1056 3823 accom-

165 3857 298 3929 rnodate
316 3865 351 3928 ὃ(
373 3854 515 3955 appofire
538 3858 579 3927 ad
597 3856 787 3953 potestatem
809 3862 1053 3931 Diaconorumr

158 3955 448 4058 itautpa'ciailliur
456 3953 805 4057 nomineintelligarur
816 3955 1053 4123 3rrlcanou'2
