2752 4756
282 576 351 657 Dr
389 579 787 658 voratarum:
918 598 1003 681 '459

127 668 213 747 Nou
224 677 416 778 exgenerali
426 683 551 751 ratione
568 686 871 780 Sacramentinovae
883 686 1005 784 Legis:

124 796 238 872 amque
256 782 504 852 Matrimonium
517 805 631 852 verum
652 783 697 852 cst
714 806 808 861 nouae
827 789 923 884 Legis
938 792 1001 858 Sa·

124 882 425 978 :amentum,quod
435 884 637 954 tameninter
648 879 795 954 absentet
803 882 910 957 aalide
921 910 1003 957 con·

124 972 246 1048 abitur·

141 1075 1001 1175 Nonexspecialitatum&conditioneSactatnenti

124 1178 316 1249 mnitentia:
328 1180 413 1249 unde
424 1184 511 1250 enim
531 1178 663 1251 baberet
681 1203 717 1250 ut
732 1186 816 1252 inter
834 1182 1002 1253 absentem

124 1278 278 1391 iuisstum
304 1282 340 1348 dc
365 1283 579 1377 penitentem
596 1306 662 1350 non
682 1278 784 1380 posset
805 1282 912 1353 validi
926 1308 1002 1381 pet·

124 1394 169 1451 :12

138 1478 246 1547 Anex
267 1499 308 1546 eo
320 1471 411 1568 qubd
423 1481 670 1550 Sacramentum
689 1477 770 1551 istud
789 1502 845 1577 per
862 1479 1002 1549 modum

124 1576 218 1647 :dicii
229 1576 465 1646 adrnirtisstetut
475 1583 492 1648 i
502 1599 534 1647 at
546 1602 658 1649 vetum
671 1584 692 1659 J
698 1582 842 1649 udiciutu
854 1575 929 1649 fetri
941 1604 1001 1674 po·

124 1673 194 1745 siin
204 1671 348 1744 absentes
359 1729 371 1759 ,
383 1699 416 1745 ut
428 1701 515 1774 patet
523 1679 674 1778 exemplo
686 1678 847 1749 sententiae
862 1703 997 1748 excom.

125 1778 320 1846 unicatiouis
345 1781 467 1870 quaein
493 1774 638 1850 absentes
658 1782 861 1877 pronuntiari
884 1776 996 1848 valide

124 1878 215 1948 >tesia
234 1872 776 1976 modbenimpetsesia,quanttim
788 1876 855 1948 fieri
870 1878 997 1974 potest,

124 1970 245 2045 tbeator
256 1973 356 2046 causae
369 1980 539 2073 cognitio,
550 1983 654 2075 potest
675 1980 784 2079 Judex
802 1976 995 2050 sententiam

124 2077 187 2145 iam
204 2079 239 2145 in
252 2073 396 2145 absentes
406 2077 525 2147 dicere.

133 2176 192 2245 An
201 2173 292 2272 qubd
301 2199 369 2246 nou
380 2173 477 2273 possit
491 2175 648 2247 Sacerdos
660 2170 797 2245 absentis
808 2173 996 2273 paenitentis

124 2270 332 2372 sposttionenr
349 2275 395 2345 sat
420 2274 512 2346 certb
522 2273 723 2372 exploratam
743 2273 995 2367 babere,atque
1039 2322 1044 2333 ,

124 2372 271 2445 uitulum
282 2368 343 2445 esse
352 2368 472 2473 possit,
489 2399 529 2444 ne
548 2373 626 2444 etim
644 2371 782 2447 absolvit
802 2376 999 2460 bominem,

124 2478 233 2546 uterus
248 2470 380 2545 subinde
393 2472 491 2546 suerit
509 2476 579 2565 ejus
597 2469 756 2562 assessus,
770 2499 831 2547 nec
850 2471 993 2572 amplius

124 2597 227 2645 oneus
248 2578 457 2673 percipiendo
480 2578 719 2646 sacramento?
748 2652 759 2657 ,

136 2671 264 2747 Vertim
273 2678 308 2746 in
319 2674 418 2745 hacce
428 2674 526 2745 causa
538 2699 605 2744 non
615 2669 852 2768 major,qudtu
864 2668 1001 2742 motulis

124 2775 563 2872 quiriturcettitudot·potesi
572 2771 650 2846 verb
662 2773 819 2845 Sacerdos
832 2796 887 2869 per
897 2773 999 2843 Litte.

124 2870 202 2945 rvel
212 2898 267 2971 per
282 2877 516 2946 internuntium
525 2871 690 2943 moraliter
699 2867 878 2959 cettusrsse
888 2872 928 2940 de
937 2869 1000 2940 dis·

124 2970 252 3046 »sitione
262 2978 473 3072 penitentis,
491 2995 624 3071 utpatet
639 2971 711 3044 ttim
722 2970 875 3071 exemplo
892 2976 997 3041 moti·

124 3074 191 3145 mdi
204 3097 303 3168 quern
317 3076 471 3146 Sacerdos
482 3071 620 3145 absoluit
630 3122 641 3156 ,
653 3072 824 3169 postquam
836 3068 998 3140 intellexit

124 3173 284 3245 :aliorum
307 3176 521 3258 testimonio,
548 3170 742 3270 postulatam
760 3168 803 3240 ab
821 3169 891 3268 ipso
905 3165 999 3241 fuisse

124 3277 328 3358 enitentiam,
340 3278 376 3343 ὅ(
388 3276 462 3345 data
472 3275 680 3344 contritionis
688 3269 797 3369 aliqua
811 3267 913 3368 signat
925 3268 998 3338 ttim

126 3371 242 3472 emplo
252 3396 365 3443 eorum
380 3379 437 3470 qui
447 3371 590 3443 absentes
606 3374 855 3443 Matrimonium
865 3391 998 3440 contra·

124 3495 193 3547 tnta
219 3495 420 3569 quamquam
440 3481 528 3544 enim
552 3471 698 3543 absolute
722 3474 863 3570 potuerit
879 3471 999 3540 mutati

124 3598 158 3643 m
171 3568 263 3646 illius
272 3575 482 3671 poenitentis,
496 3573 567 3642 ttitn
582 3569 716 3644 iliorum
731 3567 997 3643 contrahentium

124 3675 215 3745 imus
226 3671 392 3771 ,presumi
401 3699 511 3747 tamen
521 3670 615 3744 debet
625 3697 694 3742 non
706 3693 868 3754 mutatus,
888 3675 923 3738 δι
937 3669 1000 3738 Sa·

124 3775 205 3845 rdoa
214 3775 388 3873 prudenter
406 3782 441 3848 δι
463 3771 602 3847 absolvit
613 3774 825 3870 paenitentem
837 3822 849 3856 ,
863 3775 899 3838 dc
920 3790 1000 3836 con-

124 3877 199 3972 ingit
221 3869 379 3945 absentes.

137 3982 192 4048 An
208 3974 352 4071 denique
367 3973 452 4048 issud
460 3968 593 4045 habetet
602 3994 642 4042 ex
651 3969 776 4041 tatione
786 3961 916 4066 speciali
925 3978 1001 4050 vetg'
