<?xml version="1.0" encoding="UTF-8"?>
<!DOCTYPE html PUBLIC "-//W3C//DTD XHTML 1.0 Transitional//EN"
    "http://www.w3.org/TR/xhtml1/DTD/xhtml1-transitional.dtd">
<html xmlns="http://www.w3.org/1999/xhtml" xml:lang="en" lang="en">
 <head>
  <title>
</title>
<meta http-equiv="Content-Type" content="text/html;charset=utf-8" />
  <meta name='ocr-system' content='tesseract 3.04.00' />
  <meta name='ocr-capabilities' content='ocr_page ocr_carea ocr_par ocr_line ocrx_word'/>
</head>
<body>
  <div class='ocr_page' id='page_1' title='image "./prlectionestheo00tourgoog_0344.png"; bbox 0 0 2752 4756; ppageno 0'>
   <div class='ocr_carea' id='block_1_1' title="bbox 83 602 1101 3601">
    <p class='ocr_par' dir='ltr' id='par_1_1' title="bbox 151 602 1068 1400">
     <span class='ocr_line' id='line_1_1' title="bbox 154 602 879 677; baseline 0.001 -1"><span class='ocrx_word' id='word_1_1' title='bbox 154 602 236 676; x_wconf 72' lang='lat'>286</span> <span class='ocrx_word' id='word_1_2' title='bbox 387 603 452 674; x_wconf 77' lang='lat' dir='ltr'>Da</span> <span class='ocrx_word' id='word_1_3' title='bbox 481 602 879 677; x_wconf 59' lang='lat' dir='ltr'>tonantum:</span> 
     </span>
     <span class='ocr_line' id='line_1_2' title="bbox 151 694 1062 799; baseline -0.003 -27"><span class='ocrx_word' id='word_1_4' title='bbox 151 725 229 787; x_wconf 80' lang='lat' dir='ltr'>nem</span> <span class='ocrx_word' id='word_1_5' title='bbox 249 721 444 797; x_wconf 75' lang='lat' dir='ltr'>conceptam</span> <span class='ocrx_word' id='word_1_6' title='bbox 460 723 501 770; x_wconf 85' lang='lat' dir='ltr'>ex</span> <span class='ocrx_word' id='word_1_7' title='bbox 511 723 600 771; x_wconf 87' lang='lat' dir='ltr'>metu</span> <span class='ocrx_word' id='word_1_8' title='bbox 617 699 772 799; x_wconf 80' lang='lat' dir='ltr'>gehennae</span> <span class='ocrx_word' id='word_1_9' title='bbox 786 696 956 786; x_wconf 78' lang='lat' dir='ltr'>sufficere,</span> <span class='ocrx_word' id='word_1_10' title='bbox 973 694 1062 769; x_wconf 73' lang='lat' dir='ltr'>hant</span> 
     </span>
     <span class='ocr_line' id='line_1_3' title="bbox 153 798 1062 899; baseline -0.001 -29"><span class='ocrx_word' id='word_1_11' title='bbox 153 803 276 898; x_wconf 77' lang='lat' dir='ltr'>quippe</span> <span class='ocrx_word' id='word_1_12' title='bbox 295 802 507 894; x_wconf 82' lang='lat' dir='ltr'>quaestionem</span> <span class='ocrx_word' id='word_1_13' title='bbox 529 801 710 899; x_wconf 82' lang='lat' dir='ltr'>Theologis</span> <span class='ocrx_word' id='word_1_14' title='bbox 729 798 966 872; x_wconf 87' lang='lat' dir='ltr'>discutiendam</span> <span class='ocrx_word' id='word_1_15' title='bbox 983 798 1062 869; x_wconf 86' lang='lat' dir='ltr'>teli·</span> 
     </span>
     <span class='ocr_line' id='line_1_4' title="bbox 155 897 1062 998; baseline -0.002 -27"><span class='ocrx_word' id='word_1_16' title='bbox 155 900 375 995; x_wconf 77' lang='lat' dir='ltr'>quitavetinn</span> <span class='ocrx_word' id='word_1_17' title='bbox 395 924 430 970; x_wconf 91' lang='lat' dir='ltr'>ut</span> <span class='ocrx_word' id='word_1_18' title='bbox 453 897 568 998; x_wconf 86' lang='lat' dir='ltr'>probet</span> <span class='ocrx_word' id='word_1_19' title='bbox 588 924 660 970; x_wconf 89' lang='lat' dir='ltr'>eam</span> <span class='ocrx_word' id='word_1_20' title='bbox 673 925 741 970; x_wconf 90' lang='lat' dir='ltr'>non</span> <span class='ocrx_word' id='word_1_21' title='bbox 757 898 972 985; x_wconf 82' lang='lat' dir='ltr'>eiicmalatn,</span> <span class='ocrx_word' id='word_1_22' title='bbox 989 921 1062 970; x_wconf 87' lang='lat' dir='ltr'>non</span> 
     </span>
     <span class='ocr_line' id='line_1_5' title="bbox 154 998 1068 1101; baseline -0.003 -30"><span class='ocrx_word' id='word_1_23' title='bbox 154 998 261 1071; x_wconf 76' lang='lat' dir='ltr'>facete</span> <span class='ocrx_word' id='word_1_24' title='bbox 272 999 442 1071; x_wconf 89' lang='lat' dir='ltr'>hominem</span> <span class='ocrx_word' id='word_1_25' title='bbox 451 999 657 1100; x_wconf 84' lang='lat' dir='ltr'>hypocritam</span> <span class='ocrx_word' id='word_1_26' title='bbox 669 1005 818 1101; x_wconf 80' lang='lat' dir='ltr'>&amp;magis</span> <span class='ocrx_word' id='word_1_27' title='bbox 829 1016 1068 1100; x_wconf 79' lang='lat' dir='ltr'>peccatotent,¹</span> 
     </span>
     <span class='ocr_line' id='line_1_6' title="bbox 157 1097 1063 1187; baseline -0.001 -17"><span class='ocrx_word' id='word_1_28' title='bbox 157 1097 239 1171; x_wconf 86' lang='lat' dir='ltr'>stcut</span> <span class='ocrx_word' id='word_1_29' title='bbox 251 1097 381 1170; x_wconf 86' lang='lat' dir='ltr'>dicebat</span> <span class='ocrx_word' id='word_1_30' title='bbox 395 1103 575 1187; x_wconf 85' lang='lat' dir='ltr'>Luthetus,</span> <span class='ocrx_word' id='word_1_31' title='bbox 591 1099 659 1172; x_wconf 76' lang='lat' dir='ltr'>itno</span> <span class='ocrx_word' id='word_1_32' title='bbox 682 1097 805 1172; x_wconf 89' lang='lat' dir='ltr'>bonam</span> <span class='ocrx_word' id='word_1_33' title='bbox 819 1099 902 1184; x_wconf 78' lang='lat' dir='ltr'>effe,</span> <span class='ocrx_word' id='word_1_34' title='bbox 916 1097 1063 1170; x_wconf 85' lang='lat' dir='ltr'>laudabi-</span> 
     </span>
     <span class='ocr_line' id='line_1_7' title="bbox 157 1190 1064 1300; baseline 0.001 -30"><span class='ocrx_word' id='word_1_35' title='bbox 157 1199 246 1285; x_wconf 86' lang='lat' dir='ltr'>lem,</span> <span class='ocrx_word' id='word_1_36' title='bbox 263 1224 303 1270; x_wconf 85' lang='lat' dir='ltr'>ex</span> <span class='ocrx_word' id='word_1_37' title='bbox 317 1199 458 1300; x_wconf 83' lang='lat' dir='ltr'>impulsu</span> <span class='ocrx_word' id='word_1_38' title='bbox 468 1190 607 1299; x_wconf 66' lang='lat' dir='ltr'>Spiritits</span> <span class='ocrx_word' id='word_1_39' title='bbox 616 1198 741 1278; x_wconf 67' lang='lat' dir='ltr'>sanun</span> <span class='ocrx_word' id='word_1_40' title='bbox 763 1206 799 1274; x_wconf 75' lang='lat' dir='ltr'>Bc</span> <span class='ocrx_word' id='word_1_41' title='bbox 823 1198 1064 1296; x_wconf 79' lang='lat' dir='ltr'>consequentec</span> 
     </span>
     <span class='ocr_line' id='line_1_8' title="bbox 152 1299 1061 1400; baseline 0 -29"><span class='ocrx_word' id='word_1_42' title='bbox 152 1299 324 1399; x_wconf 84' lang='lat' dir='ltr'>disponere</span> <span class='ocrx_word' id='word_1_43' title='bbox 333 1303 374 1372; x_wconf 83' lang='lat' dir='ltr'>ad</span> <span class='ocrx_word' id='word_1_44' title='bbox 383 1305 520 1399; x_wconf 81' lang='lat' dir='ltr'>gratiam</span> <span class='ocrx_word' id='word_1_45' title='bbox 530 1304 566 1371; x_wconf 93' lang='lat' dir='ltr'>in</span> <span class='ocrx_word' id='word_1_46' title='bbox 582 1306 793 1375; x_wconf 80' lang='lat' dir='ltr'>sacramento</span> <span class='ocrx_word' id='word_1_47' title='bbox 801 1301 1061 1400; x_wconf 82' lang='lat' dir='ltr'>percipiendam,</span> 
     </span>
    </p>

    <p class='ocr_par' dir='ltr' id='par_1_2' title="bbox 148 1395 1101 3300">
     <span class='ocr_line' id='line_1_9' title="bbox 181 1395 1069 1499; baseline 0 -28"><span class='ocrx_word' id='word_1_48' title='bbox 181 1424 358 1498; x_wconf 88' lang='lat' dir='ltr'>uocunque</span> <span class='ocrx_word' id='word_1_49' title='bbox 370 1404 502 1472; x_wconf 85' lang='lat' dir='ltr'>tandem</span> <span class='ocrx_word' id='word_1_50' title='bbox 522 1401 625 1472; x_wconf 90' lang='lat' dir='ltr'>modo</span> <span class='ocrx_word' id='word_1_51' title='bbox 642 1400 814 1499; x_wconf 84' lang='lat' dir='ltr'>disponat,</span> <span class='ocrx_word' id='word_1_52' title='bbox 829 1395 897 1473; x_wconf 69' lang='lat' dir='ltr'>live</span> <span class='ocrx_word' id='word_1_53' title='bbox 910 1402 1069 1486; x_wconf 54' lang='lat' dir='ltr'>tenetes</span> 
     </span>
     <span class='ocr_line' id='line_1_10' title="bbox 150 1426 1063 1601; baseline 0 -29"><span class='ocrx_word' id='word_1_54' title='bbox 150 1426 218 1572; x_wconf 53' lang='lat' dir='ltr'>sive</span> <span class='ocrx_word' id='word_1_55' title='bbox 228 1505 510 1599; x_wconf 67' lang='lat' dir='ltr'>proxime,quem</span> <span class='ocrx_word' id='word_1_56' title='bbox 522 1501 658 1572; x_wconf 84' lang='lat' dir='ltr'>modum</span> <span class='ocrx_word' id='word_1_57' title='bbox 670 1526 738 1572; x_wconf 88' lang='lat' dir='ltr'>non</span> <span class='ocrx_word' id='word_1_58' title='bbox 749 1500 822 1601; x_wconf 84' lang='lat' dir='ltr'>figit</span> <span class='ocrx_word' id='word_1_59' title='bbox 833 1524 893 1572; x_wconf 91' lang='lat' dir='ltr'>nec</span> <span class='ocrx_word' id='word_1_60' title='bbox 903 1502 1063 1572; x_wconf 71' lang='lat' dir='ltr'>determi-¹</span> 
     </span>
     <span class='ocr_line' id='line_1_11' title="bbox 151 1566 1101 1699; baseline -0.002 -27"><span class='ocrx_word' id='word_1_61' title='bbox 151 1623 209 1672; x_wconf 90' lang='lat' dir='ltr'>nat</span> <span class='ocrx_word' id='word_1_62' title='bbox 220 1600 425 1673; x_wconf 85' lang='lat' dir='ltr'><strong>Concilium.</strong></span> <span class='ocrx_word' id='word_1_63' title='bbox 437 1607 475 1671; x_wconf 91' lang='lat' dir='ltr'>ln</span> <span class='ocrx_word' id='word_1_64' title='bbox 488 1597 616 1674; x_wconf 88' lang='lat' dir='ltr'>duobus</span> <span class='ocrx_word' id='word_1_65' title='bbox 627 1600 747 1672; x_wconf 89' lang='lat' dir='ltr'>scilicet</span> <span class='ocrx_word' id='word_1_66' title='bbox 757 1599 912 1699; x_wconf 83' lang='lat' dir='ltr'>peccabat</span> <span class='ocrx_word' id='word_1_67' title='bbox 923 1597 978 1672; x_wconf 86' lang='lat' dir='ltr'>hic</span> <span class='ocrx_word' id='word_1_68' title='bbox 991 1566 1101 1672; x_wconf 48' lang='lat' dir='ltr'>Lu!</span> 
     </span>
     <span class='ocr_line' id='line_1_12' title="bbox 150 1695 1060 1802; baseline -0.001 -32"><span class='ocrx_word' id='word_1_69' title='bbox 150 1701 274 1770; x_wconf 84' lang='lat' dir='ltr'>theros.</span> <span class='ocrx_word' id='word_1_70' title='bbox 300 1714 354 1774; x_wconf 77' lang='grc' dir='ltr'>ι’.</span> <span class='ocrx_word' id='word_1_71' title='bbox 365 1726 499 1772; x_wconf 87' lang='lat' dir='ltr'>omnem</span> <span class='ocrx_word' id='word_1_72' title='bbox 514 1726 620 1802; x_wconf 83' lang='lat' dir='ltr'>poenae</span> <span class='ocrx_word' id='word_1_73' title='bbox 632 1708 785 1775; x_wconf 81' lang='lat' dir='ltr'>timorem</span> <span class='ocrx_word' id='word_1_74' title='bbox 798 1695 860 1773; x_wconf 82' lang='lat' dir='ltr'>effe</span> <span class='ocrx_word' id='word_1_75' title='bbox 879 1698 975 1799; x_wconf 84' lang='lat' dir='ltr'>petse</span> <span class='ocrx_word' id='word_1_76' title='bbox 987 1724 1060 1769; x_wconf 89' lang='lat' dir='ltr'>ma·</span> 
     </span>
     <span class='ocr_line' id='line_1_13' title="bbox 150 1798 1062 1901; baseline -0.002 -30"><span class='ocrx_word' id='word_1_77' title='bbox 150 1800 220 1871; x_wconf 83' lang='lat' dir='ltr'>ium</span> <span class='ocrx_word' id='word_1_78' title='bbox 230 1822 294 1884; x_wconf 82' lang='lat' dir='ltr'>‚ac</span> <span class='ocrx_word' id='word_1_79' title='bbox 307 1800 431 1900; x_wconf 83' lang='lat' dir='ltr'>semper</span> <span class='ocrx_word' id='word_1_80' title='bbox 443 1799 561 1872; x_wconf 86' lang='lat' dir='ltr'>habete</span> <span class='ocrx_word' id='word_1_81' title='bbox 569 1803 757 1897; x_wconf 65' lang='lat' dir='ltr'>adjunctam</span> <span class='ocrx_word' id='word_1_82' title='bbox 770 1802 927 1901; x_wconf 75' lang='lat' dir='ltr'>peccandi</span> <span class='ocrx_word' id='word_1_83' title='bbox 936 1798 1062 1871; x_wconf 90' lang='lat' dir='ltr'>volun·</span> 
     </span>
     <span class='ocr_line' id='line_1_14' title="bbox 148 1898 1060 1997; baseline 0.001 -27"><span class='ocrx_word' id='word_1_84' title='bbox 148 1921 273 1970; x_wconf 86' lang='lat' dir='ltr'>tatem:</span> <span class='ocrx_word' id='word_1_85' title='bbox 300 1898 550 1972; x_wconf 80' lang='lat' dir='ltr'>fundamentum</span> <span class='ocrx_word' id='word_1_86' title='bbox 572 1907 688 1973; x_wconf 84' lang='lat' dir='ltr'>errotis</span> <span class='ocrx_word' id='word_1_87' title='bbox 701 1924 788 1987; x_wconf 84' lang='lat' dir='ltr'>etat,</span> <span class='ocrx_word' id='word_1_88' title='bbox 812 1901 906 1997; x_wconf 73' lang='lat' dir='ltr'>quod</span> <span class='ocrx_word' id='word_1_89' title='bbox 927 1923 1060 1971; x_wconf 84' lang='lat' dir='ltr'>motum</span> 
     </span>
     <span class='ocr_line' id='line_1_15' title="bbox 150 1995 1056 2100; baseline 0 -29"><span class='ocrx_word' id='word_1_90' title='bbox 150 2004 279 2072; x_wconf 84' lang='lat' dir='ltr'>timoris</span> <span class='ocrx_word' id='word_1_91' title='bbox 291 2004 446 2073; x_wconf 79' lang='lat' dir='ltr'>coaOtum</span> <span class='ocrx_word' id='word_1_92' title='bbox 463 2002 634 2100; x_wconf 83' lang='lat' dir='ltr'>semperac</span> <span class='ocrx_word' id='word_1_93' title='bbox 645 2000 827 2073; x_wconf 86' lang='lat' dir='ltr'>violentum</span> <span class='ocrx_word' id='word_1_94' title='bbox 837 1995 900 2072; x_wconf 80' lang='lat' dir='ltr'>eiie</span> <span class='ocrx_word' id='word_1_95' title='bbox 915 2021 1056 2099; x_wconf 78' lang='lat' dir='ltr'>putatet·</span> 
     </span>
     <span class='ocr_line' id='line_1_16' title="bbox 151 2096 1060 2200; baseline -0.004 -25"><span class='ocrx_word' id='word_1_96' title='bbox 151 2105 213 2175; x_wconf 78' lang='lat'>2⁰·</span> <span class='ocrx_word' id='word_1_97' title='bbox 227 2098 353 2173; x_wconf 89' lang='lat' dir='ltr'>nullum</span> <span class='ocrx_word' id='word_1_98' title='bbox 363 2126 446 2200; x_wconf 84' lang='lat' dir='ltr'>opus</span> <span class='ocrx_word' id='word_1_99' title='bbox 455 2099 581 2173; x_wconf 88' lang='lat' dir='ltr'>bonum</span> <span class='ocrx_word' id='word_1_100' title='bbox 591 2101 661 2174; x_wconf 84' lang='lat' dir='ltr'>fieti</span> <span class='ocrx_word' id='word_1_101' title='bbox 670 2100 757 2198; x_wconf 74' lang='lat' dir='ltr'>poss&#39;e</span> <span class='ocrx_word' id='word_1_102' title='bbox 773 2123 848 2172; x_wconf 85' lang='lat' dir='ltr'>ante</span> <span class='ocrx_word' id='word_1_103' title='bbox 864 2096 1060 2172; x_wconf 82' lang='lat' dir='ltr'>chatitatem</span> 
     </span>
     <span class='ocr_line' id='line_1_17' title="bbox 149 2197 1060 2300; baseline -0.002 -28"><span class='ocrx_word' id='word_1_104' title='bbox 149 2197 301 2272; x_wconf 85' lang='lat' dir='ltr'>diffusam</span> <span class='ocrx_word' id='word_1_105' title='bbox 312 2205 346 2271; x_wconf 91' lang='lat' dir='ltr'>in</span> <span class='ocrx_word' id='word_1_106' title='bbox 361 2199 514 2273; x_wconf 85' lang='lat' dir='ltr'>cotdibus</span> <span class='ocrx_word' id='word_1_107' title='bbox 526 2256 537 2288; x_wconf 91' lang='lat'><strong><em>,</em></strong></span> <span class='ocrx_word' id='word_1_108' title='bbox 551 2201 616 2272; x_wconf 91' lang='lat' dir='ltr'>hoc</span> <span class='ocrx_word' id='word_1_109' title='bbox 636 2204 764 2273; x_wconf 88' lang='lat' dir='ltr'>estante</span> <span class='ocrx_word' id='word_1_110' title='bbox 783 2202 921 2300; x_wconf 80' lang='lat' dir='ltr'>gratiam</span> <span class='ocrx_word' id='word_1_111' title='bbox 938 2198 1060 2273; x_wconf 64' lang='lat' dir='ltr'>sancii·</span> 
     </span>
     <span class='ocr_line' id='line_1_18' title="bbox 152 2296 1060 2395; baseline -0.001 -24"><span class='ocrx_word' id='word_1_112' title='bbox 152 2297 329 2377; x_wconf 85' lang='lat' dir='ltr'>ficanttmt</span> <span class='ocrx_word' id='word_1_113' title='bbox 345 2299 683 2386; x_wconf 86' lang='lat' dir='ltr'>undeconcludcbat,</span> <span class='ocrx_word' id='word_1_114' title='bbox 702 2304 812 2374; x_wconf 75' lang='lat' dir='ltr'>a&amp;utn</span> <span class='ocrx_word' id='word_1_115' title='bbox 827 2303 976 2386; x_wconf 80' lang='lat' dir='ltr'>timoris,</span> <span class='ocrx_word' id='word_1_116' title='bbox 999 2296 1060 2395; x_wconf 88' lang='lat' dir='ltr'>qui</span> 
     </span>
     <span class='ocr_line' id='line_1_19' title="bbox 152 2397 1059 2499; baseline -0.003 -28"><span class='ocrx_word' id='word_1_117' title='bbox 152 2403 306 2499; x_wconf 82' lang='lat' dir='ltr'>praecedit</span> <span class='ocrx_word' id='word_1_118' title='bbox 320 2399 742 2497; x_wconf 86' lang='lat' dir='ltr'>justificationem,tnalum</span> <span class='ocrx_word' id='word_1_119' title='bbox 754 2397 817 2473; x_wconf 80' lang='lat' dir='ltr'>etse</span> <span class='ocrx_word' id='word_1_120' title='bbox 837 2425 875 2473; x_wconf 89' lang='lat' dir='ltr'>ac</span> <span class='ocrx_word' id='word_1_121' title='bbox 893 2401 1059 2473; x_wconf 69' lang='lat' dir='ltr'>inordina</span> 
     </span>
     <span class='ocr_line' id='line_1_20' title="bbox 153 2496 1061 2600; baseline -0.001 -30"><span class='ocrx_word' id='word_1_122' title='bbox 153 2523 225 2571; x_wconf 90' lang='lat' dir='ltr'>tum</span> <span class='ocrx_word' id='word_1_123' title='bbox 235 2529 246 2575; x_wconf 81' lang='lat' dir='ltr'>t</span> <span class='ocrx_word' id='word_1_124' title='bbox 258 2496 508 2571; x_wconf 79' lang='lat' dir='ltr'>fundamentum</span> <span class='ocrx_word' id='word_1_125' title='bbox 520 2508 638 2574; x_wconf 86' lang='lat' dir='ltr'>ettotis</span> <span class='ocrx_word' id='word_1_126' title='bbox 653 2525 743 2587; x_wconf 88' lang='lat' dir='ltr'>etat,</span> <span class='ocrx_word' id='word_1_127' title='bbox 758 2501 851 2597; x_wconf 73' lang='lat' dir='ltr'>quod</span> <span class='ocrx_word' id='word_1_128' title='bbox 861 2521 974 2600; x_wconf 82' lang='lat' dir='ltr'>ptaetet</span> <span class='ocrx_word' id='word_1_129' title='bbox 1023 2524 1061 2569; x_wconf 90' lang='lat' dir='ltr'>a·</span> 
     </span>
     <span class='ocr_line' id='line_1_21' title="bbox 149 2524 1058 2700; baseline 0.006 -30"><span class='ocrx_word' id='word_1_130' title='bbox 149 2604 231 2671; x_wconf 87' lang='lat' dir='ltr'>tiam</span> <span class='ocrx_word' id='word_1_131' title='bbox 244 2623 371 2700; x_wconf 83' lang='lat' dir='ltr'>gratum</span> <span class='ocrx_word' id='word_1_132' title='bbox 382 2599 556 2672; x_wconf 78' lang='lat' dir='ltr'>facientem</span> <span class='ocrx_word' id='word_1_133' title='bbox 571 2599 624 2673; x_wconf 90' lang='lat' dir='ltr'>seu</span> <span class='ocrx_word' id='word_1_134' title='bbox 638 2600 919 2685; x_wconf 65' lang='lat' dir='ltr'>sanciificatttem,</span> <span class='ocrx_word' id='word_1_135' title='bbox 930 2524 1058 2694; x_wconf 47' lang='lat' dir='ltr'>uulgo</span> 
     </span>
     <span class='ocr_line' id='line_1_22' title="bbox 148 2694 1063 2800; baseline -0.003 -29"><span class='ocrx_word' id='word_1_136' title='bbox 148 2700 245 2772; x_wconf 89' lang='lat' dir='ltr'>aliam</span> <span class='ocrx_word' id='word_1_137' title='bbox 258 2702 418 2773; x_wconf 67' lang='lat' dir='ltr'>aciualem</span> <span class='ocrx_word' id='word_1_138' title='bbox 434 2725 669 2799; x_wconf 74' lang='lat' dir='ltr'>praeparantem</span> <span class='ocrx_word' id='word_1_139' title='bbox 683 2703 724 2771; x_wconf 91' lang='lat' dir='ltr'>ad</span> <span class='ocrx_word' id='word_1_140' title='bbox 737 2694 1063 2800; x_wconf 78' lang='lat' dir='ltr'>justitiamagnoice·&#39;</span> 
     </span>
     <span class='ocr_line' id='line_1_23' title="bbox 150 2800 1060 2886; baseline 0.001 -14"><span class='ocrx_word' id='word_1_141' title='bbox 150 2825 211 2872; x_wconf 85' lang='lat' dir='ltr'>tet.</span> <span class='ocrx_word' id='word_1_142' title='bbox 226 2802 392 2874; x_wconf 78' lang='lat' dir='ltr'>Adversus</span> <span class='ocrx_word' id='word_1_143' title='bbox 402 2800 498 2886; x_wconf 77' lang='lat' dir='ltr'>iilum</span> <span class='ocrx_word' id='word_1_144' title='bbox 508 2802 699 2874; x_wconf 78' lang='lat' dir='ltr'>Concilium</span> <span class='ocrx_word' id='word_1_145' title='bbox 712 2803 810 2874; x_wconf 86' lang='lat' dir='ltr'>docet</span> <span class='ocrx_word' id='word_1_146' title='bbox 828 2810 883 2877; x_wconf 82' lang='lat'>1⁰·</span> <span class='ocrx_word' id='word_1_147' title='bbox 903 2807 1060 2873; x_wconf 83' lang='lat' dir='ltr'>timorem</span> 
     </span>
     <span class='ocr_line' id='line_1_24' title="bbox 151 2895 1059 3000; baseline 0.002 -29"><span class='ocrx_word' id='word_1_148' title='bbox 151 2927 256 3000; x_wconf 83' lang='lat' dir='ltr'>poenae</span> <span class='ocrx_word' id='word_1_149' title='bbox 268 2899 393 2972; x_wconf 85' lang='lat' dir='ltr'>bonum</span> <span class='ocrx_word' id='word_1_150' title='bbox 405 2907 440 2972; x_wconf 83' lang='grc' dir='ltr'>δι</span> <span class='ocrx_word' id='word_1_151' title='bbox 466 2901 637 2974; x_wconf 82' lang='lat' dir='ltr'>honestum</span> <span class='ocrx_word' id='word_1_152' title='bbox 656 2901 731 2974; x_wconf 79' lang='lat' dir='ltr'>effe.</span> <span class='ocrx_word' id='word_1_153' title='bbox 749 2909 805 2977; x_wconf 67' lang='grc' dir='ltr'>ιο.</span> <span class='ocrx_word' id='word_1_154' title='bbox 822 2897 917 2973; x_wconf 72' lang='lat' dir='ltr'>iilum</span> <span class='ocrx_word' id='word_1_155' title='bbox 934 2895 997 2972; x_wconf 81' lang='lat' dir='ltr'>ciic</span> <span class='ocrx_word' id='word_1_156' title='bbox 1015 2922 1059 2973; x_wconf 80' lang='lat' dir='ltr'>cx</span> 
     </span>
     <span class='ocr_line' id='line_1_25' title="bbox 151 2995 1060 3101; baseline 0.001 -29"><span class='ocrx_word' id='word_1_157' title='bbox 151 2998 292 3099; x_wconf 85' lang='lat' dir='ltr'>impulsu</span> <span class='ocrx_word' id='word_1_158' title='bbox 310 3001 450 3101; x_wconf 84' lang='lat' dir='ltr'>Spiritits</span> <span class='ocrx_word' id='word_1_159' title='bbox 471 3001 592 3088; x_wconf 71' lang='lat' dir='ltr'>sancti,</span> <span class='ocrx_word' id='word_1_160' title='bbox 610 3004 759 3074; x_wconf 88' lang='lat' dir='ltr'>nondum</span> <span class='ocrx_word' id='word_1_161' title='bbox 777 3000 913 3097; x_wconf 81' lang='lat' dir='ltr'>quidem</span> <span class='ocrx_word' id='word_1_162' title='bbox 930 2995 1060 3073; x_wconf 85' lang='lat' dir='ltr'>inhtbi-</span> 
     </span>
     <span class='ocr_line' id='line_1_26' title="bbox 150 3100 1060 3198; baseline -0.002 -27"><span class='ocrx_word' id='word_1_163' title='bbox 150 3107 248 3172; x_wconf 82' lang='lat' dir='ltr'>tantis</span> <span class='ocrx_word' id='word_1_164' title='bbox 260 3155 269 3183; x_wconf 90' lang='lat'>,</span> <span class='ocrx_word' id='word_1_165' title='bbox 281 3101 334 3173; x_wconf 85' lang='lat' dir='ltr'>sed</span> <span class='ocrx_word' id='word_1_166' title='bbox 345 3108 521 3176; x_wconf 82' lang='lat' dir='ltr'>moventia.</span> <span class='ocrx_word' id='word_1_167' title='bbox 535 3116 589 3193; x_wconf 62' lang='grc' dir='ltr'>ς’.</span> <span class='ocrx_word' id='word_1_168' title='bbox 602 3104 695 3174; x_wconf 86' lang='lat' dir='ltr'>iilum</span> <span class='ocrx_word' id='word_1_169' title='bbox 711 3100 881 3198; x_wconf 81' lang='lat' dir='ltr'>disponere</span> <span class='ocrx_word' id='word_1_170' title='bbox 892 3101 933 3173; x_wconf 86' lang='lat' dir='ltr'>ad</span> <span class='ocrx_word' id='word_1_171' title='bbox 943 3110 1060 3174; x_wconf 78' lang='lat' dir='ltr'>saeta-</span> 
     </span>
     <span class='ocr_line' id='line_1_27' title="bbox 151 3197 1063 3300; baseline 0.002 -28"><span class='ocrx_word' id='word_1_172' title='bbox 151 3204 252 3272; x_wconf 90' lang='lat' dir='ltr'>menti</span> <span class='ocrx_word' id='word_1_173' title='bbox 262 3197 419 3300; x_wconf 77' lang='lat' dir='ltr'>gratiatnt</span> <span class='ocrx_word' id='word_1_174' title='bbox 435 3229 476 3274; x_wconf 86' lang='lat' dir='ltr'>ex</span> <span class='ocrx_word' id='word_1_175' title='bbox 492 3228 562 3300; x_wconf 92' lang='lat' dir='ltr'>quo</span> <span class='ocrx_word' id='word_1_176' title='bbox 572 3202 666 3300; x_wconf 65' lang='lat' dir='ltr'>plane</span> <span class='ocrx_word' id='word_1_177' title='bbox 678 3206 741 3274; x_wconf 87' lang='lat' dir='ltr'>tuit</span> <span class='ocrx_word' id='word_1_178' title='bbox 750 3200 914 3273; x_wconf 88' lang='lat' dir='ltr'>calumnia</span> <span class='ocrx_word' id='word_1_179' title='bbox 923 3199 1063 3274; x_wconf 74' lang='lat' dir='ltr'>Lutheri</span> 
     </span>
    </p>

    <p class='ocr_par' dir='ltr' id='par_1_3' title="bbox 83 3299 1062 3401">
     <span class='ocr_line' id='line_1_28' title="bbox 83 3299 1062 3401; baseline 0.006 -34"><span class='ocrx_word' id='word_1_180' title='bbox 83 3361 86 3367; x_wconf 84' lang='lat'>.</span> <span class='ocrx_word' id='word_1_181' title='bbox 151 3299 1062 3401; x_wconf 80' lang='lat' dir='ltr'>Otthodoxosinfamantis,quastnatutalemcouttitio·</span> 
     </span>
    </p>

    <p class='ocr_par' dir='ltr' id='par_1_4' title="bbox 150 3401 870 3497">
     <span class='ocr_line' id='line_1_29' title="bbox 150 3401 870 3497; baseline -0.003 -22"><span class='ocrx_word' id='word_1_182' title='bbox 150 3428 226 3475; x_wconf 88' lang='lat' dir='ltr'>nem</span> <span class='ocrx_word' id='word_1_183' title='bbox 244 3422 402 3497; x_wconf 82' lang='lat' dir='ltr'>tanquam</span> <span class='ocrx_word' id='word_1_184' title='bbox 416 3401 629 3476; x_wconf 81' lang='lat' dir='ltr'>sufficientem</span> <span class='ocrx_word' id='word_1_185' title='bbox 650 3405 870 3474; x_wconf 78' lang='lat' dir='ltr'>admitterent.</span> 
     </span>
    </p>

    <p class='ocr_par' dir='ltr' id='par_1_5' title="bbox 198 3499 1059 3601">
     <span class='ocr_line' id='line_1_30' title="bbox 198 3499 1059 3601; baseline -0.001 -27"><span class='ocrx_word' id='word_1_186' title='bbox 198 3499 334 3574; x_wconf 84' lang='lat' dir='ltr'>instabis</span> <span class='ocrx_word' id='word_1_187' title='bbox 353 3511 411 3574; x_wconf 86' lang='lat'>2⁰.</span> <span class='ocrx_word' id='word_1_188' title='bbox 424 3503 616 3575; x_wconf 89' lang='lat' dir='ltr'>Concilium</span> <span class='ocrx_word' id='word_1_189' title='bbox 626 3508 761 3601; x_wconf 76' lang='lat' dir='ltr'>requirit</span> <span class='ocrx_word' id='word_1_190' title='bbox 770 3506 806 3574; x_wconf 88' lang='lat' dir='ltr'>itt</span> <span class='ocrx_word' id='word_1_191' title='bbox 818 3503 986 3573; x_wconf 84' lang='lat' dir='ltr'>atuitione</span> <span class='ocrx_word' id='word_1_192' title='bbox 998 3550 1010 3583; x_wconf 86' lang='lat'><strong>,</strong></span> <span class='ocrx_word' id='word_1_193' title='bbox 1020 3520 1059 3573; x_wconf 89' lang='lat' dir='ltr'>ut</span> 
     </span>
    </p>
   </div>
   <div class='ocr_carea' id='block_1_2' title="bbox 142 3599 1062 4002">
    <p class='ocr_par' dir='ltr' id='par_1_6' title="bbox 142 3599 1062 4002">
     <span class='ocr_line' id='line_1_31' title="bbox 150 3599 1061 3701; baseline -0.002 -28"><span class='ocrx_word' id='word_1_194' title='bbox 150 3603 303 3678; x_wconf 81' lang='lat' dir='ltr'>excludat</span> <span class='ocrx_word' id='word_1_195' title='bbox 320 3605 478 3701; x_wconf 84' lang='lat' dir='ltr'>peccandi</span> <span class='ocrx_word' id='word_1_196' title='bbox 499 3604 725 3675; x_wconf 80' lang='lat' dir='ltr'>voluntatem:</span> <span class='ocrx_word' id='word_1_197' title='bbox 747 3607 841 3699; x_wconf 89' lang='lat' dir='ltr'>atqui</span> <span class='ocrx_word' id='word_1_198' title='bbox 862 3599 946 3673; x_wconf 82' lang='lat' dir='ltr'>iulus</span> <span class='ocrx_word' id='word_1_199' title='bbox 957 3603 1061 3671; x_wconf 86' lang='lat' dir='ltr'>timot</span> 
     </span>
     <span class='ocr_line' id='line_1_32' title="bbox 146 3697 1062 3802; baseline -0.004 -27"><span class='ocrx_word' id='word_1_200' title='bbox 146 3703 303 3802; x_wconf 84' lang='lat' dir='ltr'>gehennae</span> <span class='ocrx_word' id='word_1_201' title='bbox 324 3701 389 3774; x_wconf 88' lang='lat' dir='ltr'>stne</span> <span class='ocrx_word' id='word_1_202' title='bbox 403 3728 513 3774; x_wconf 80' lang='lat' dir='ltr'>amore</span> <span class='ocrx_word' id='word_1_203' title='bbox 537 3707 601 3777; x_wconf 86' lang='lat' dir='ltr'>Dei</span> <span class='ocrx_word' id='word_1_204' title='bbox 613 3704 712 3775; x_wconf 85' lang='lat' dir='ltr'>talem</span> <span class='ocrx_word' id='word_1_205' title='bbox 722 3700 927 3773; x_wconf 87' lang='lat' dir='ltr'>voluntatem</span> <span class='ocrx_word' id='word_1_206' title='bbox 946 3697 1062 3771; x_wconf 80' lang='lat' dir='ltr'>exclu-</span> 
     </span>
     <span class='ocr_line' id='line_1_33' title="bbox 147 3799 1061 3903; baseline -0.001 -29"><span class='ocrx_word' id='word_1_207' title='bbox 147 3809 224 3876; x_wconf 82' lang='lat' dir='ltr'>dere</span> <span class='ocrx_word' id='word_1_208' title='bbox 247 3805 364 3903; x_wconf 87' lang='lat' dir='ltr'>potest.</span> <span class='ocrx_word' id='word_1_209' title='bbox 395 3807 551 3900; x_wconf 85' lang='lat' dir='ltr'>Namque</span> <span class='ocrx_word' id='word_1_210' title='bbox 566 3804 711 3878; x_wconf 84' lang='lat' dir='ltr'>excludit</span> <span class='ocrx_word' id='word_1_211' title='bbox 737 3801 820 3874; x_wconf 88' lang='lat' dir='ltr'>illud</span> <span class='ocrx_word' id='word_1_212' title='bbox 844 3824 945 3873; x_wconf 85' lang='lat' dir='ltr'>omne</span> <span class='ocrx_word' id='word_1_213' title='bbox 962 3799 1061 3897; x_wconf 71' lang='lat' dir='ltr'>quod</span> 
     </span>
     <span class='ocr_line' id='line_1_34' title="bbox 142 3900 1061 4002; baseline -0.005 -26"><span class='ocrx_word' id='word_1_214' title='bbox 142 3930 276 4002; x_wconf 82' lang='lat' dir='ltr'>poenam</span> <span class='ocrx_word' id='word_1_215' title='bbox 288 3928 426 3977; x_wconf 81' lang='lat' dir='ltr'>metetur</span> <span class='ocrx_word' id='word_1_216' title='bbox 436 3913 472 3977; x_wconf 78' lang='grc' dir='ltr'>δι</span> <span class='ocrx_word' id='word_1_217' title='bbox 482 3902 624 3977; x_wconf 76' lang='lat' dir='ltr'>accersit:</span> <span class='ocrx_word' id='word_1_218' title='bbox 636 3928 668 3975; x_wconf 87' lang='lat' dir='ltr'>at</span> <span class='ocrx_word' id='word_1_219' title='bbox 678 3929 746 3976; x_wconf 89' lang='lat' dir='ltr'>non</span> <span class='ocrx_word' id='word_1_220' title='bbox 756 3900 885 3974; x_wconf 73' lang='lat' dir='ltr'>tanturn</span> <span class='ocrx_word' id='word_1_221' title='bbox 897 3906 990 3975; x_wconf 70' lang='lat' dir='ltr'>actus</span> <span class='ocrx_word' id='word_1_222' title='bbox 1001 3923 1061 3971; x_wconf 83' lang='lat' dir='ltr'>ett-</span> 
     </span>
    </p>
   </div>
   <div class='ocr_carea' id='block_1_3' title="bbox 143 4003 1061 4107">
    <p class='ocr_par' dir='ltr' id='par_1_7' title="bbox 143 4003 1061 4107">
     <span class='ocr_line' id='line_1_35' title="bbox 143 4003 1061 4107; baseline 0.014 -32"><span class='ocrx_word' id='word_1_223' title='bbox 143 4009 244 4080; x_wconf 84' lang='lat' dir='ltr'>tetiot</span> <span class='ocrx_word' id='word_1_224' title='bbox 257 4013 385 4106; x_wconf 73' lang='lat' dir='ltr'>peceati</span> <span class='ocrx_word' id='word_1_225' title='bbox 395 4059 408 4095; x_wconf 87' lang='lat'>,</span> <span class='ocrx_word' id='word_1_226' title='bbox 419 4004 472 4079; x_wconf 86' lang='lat' dir='ltr'>sed</span> <span class='ocrx_word' id='word_1_227' title='bbox 487 4012 524 4080; x_wconf 90' lang='lat'>&amp;</span> <span class='ocrx_word' id='word_1_228' title='bbox 533 4008 601 4107; x_wconf 63' lang='lat' dir='ltr'>ipse</span> <span class='ocrx_word' id='word_1_229' title='bbox 610 4003 796 4081; x_wconf 70' lang='lat' dir='ltr'>affectunt</span> <span class='ocrx_word' id='word_1_230' title='bbox 802 4021 977 4106; x_wconf 75' lang='lat' dir='ltr'>peccatum</span> <span class='ocrx_word' id='word_1_231' title='bbox 983 4024 1061 4104; x_wconf 62' lang='grc' dir='ltr'>μ’.</span> 
     </span>
    </p>
   </div>
   <div class='ocr_carea' id='block_1_4' title="bbox 0 0 1382 4756">
    <p class='ocr_par' dir='ltr' id='par_1_8' title="bbox 0 0 1382 4756">
     <span class='ocr_line' id='line_1_36' title="bbox 0 0 1382 4756; baseline 0 0"><span class='ocrx_word' id='word_1_232' title='bbox 0 0 1382 4756; x_wconf 95' lang='lat' dir='ltr'> </span> 
     </span>
    </p>
   </div>
  </div>
 </body>
</html>
