2752 4756
272 642 378 721 'Di
412 646 795 723 poshumus
935 650 1014 739 287

124 758 195 810 uam
213 762 353 816 meretut
372 751 408 818 dt
427 744 585 825 methea
615 772 694 847 ergo
717 754 786 817 dcc.
1014 743 1018 751 ’

159 839 258 939 Resp.
274 849 329 917 ι’.
349 843 411 916 Etfi
423 851 674 919 concederemus
687 846 758 917 solo
768 852 887 917 timore
898 839 1018 943 absque

124 935 191 1007 ullo
203 944 267 1010 Dei
286 967 397 1014 amore
408 942 494 1044 polle
503 971 635 1018 omnem
646 948 802 1045 peccandi
814 943 1019 1022 voluntatem

124 1038 192 1107 uini
202 1041 363 1113 actualem
375 1042 446 1114 nim
456 1050 554 1117 etiam
572 1043 770 1116 habitualem
788 1042 1019 1130 excludi,non

124 1138 248 1210 idcirco
257 1162 366 1212 tumen
376 1146 461 1216 redii
473 1144 666 1231 inferretur,
679 1143 871 1219 Concilium
882 1142 1019 1217 statuille

124 1232 313 1310 [anselleut
325 1238 445 1313 exsulo
458 1249 587 1317 motivo
597 1246 722 1316 timoris
737 1241 792 1313 ille
804 1248 927 1342 peccati
938 1241 1017 1315 affe·

124 1338 194 1409 &us
203 1337 414 1421 excludatuts
428 1339 481 1415 sed
492 1349 556 1418 dici
569 1370 636 1416 non
646 1345 811 1416 immeriti>
822 1338 924 1441 pollet
936 1396 946 1429 ,
959 1348 1021 1439 Sy.

124 1437 248 1507 nodum
263 1464 375 1535 ptaetet
383 1449 545 1515 motivum
554 1449 694 1532 timoris,
706 1446 835 1540 exigere
845 1449 941 1512 etiam
951 1466 1023 1513 tno-

124 1534 229 1607 tivum
239 1536 375 1637 alicujus
387 1549 506 1616 amotis
519 1548 581 1615 Dei
596 1542 730 1628 ,saltem
741 1543 888 1616 inchoati
904 1548 938 1612 &
953 1546 1019 1612 ini·

124 1632 210 1705 tialis
221 1663 312 1733 ,quo
325 1655 412 1712 oeus
425 1644 541 1741 incipit
551 1643 642 1741 diligi
654 1666 809 1739 tanquam
825 1638 899 1712 fons
910 1645 1020 1714 omnia

124 1734 260 1830 justitie.
273 1740 357 1812 Vide
366 1766 438 1837 que
448 1746 588 1816 diximus
602 1768 642 1815 ex
653 1739 810 1816 Concilio
819 1744 1020 1827 Ttidentinu

124 1835 211 1905 iuter
262 1836 445 1911 obationes.

165 1861 267 2036 helil.
283 1945 332 2011 ι’.
345 1941 418 2013 dili·
432 1937 617 2011 min.Solus
629 1943 727 2010 timot
736 1939 890 2039 gehennae
901 1937 1020 2012 volun·

124 2049 226 2104 tatem
282 2041 398 2110 ccandi
416 2037 587 2110 excludere
597 2040 914 2138 potest‚adiunlem,
932 2064 1019 2110 eon·

124 2061 444 2209 cedothlbuuaiem
466 2136 597 2210 subdist·
622 2144 740 2210 Timor
761 2138 917 2241 gehennae
934 2141 1020 2214 ada·

124 2234 225 2324 quati
236 2232 380 2335 sumptae,
390 2237 682 2310 iteritmcuncedo:
699 2242 798 2309 timor
808 2238 962 2337 gehennae
973 2244 1023 2331 inq

124 2330 433 2437 adaquatilumptte
445 2393 456 2424 ,
469 2363 569 2438 nego.
581 2338 740 2411 Gehenna
757 2344 810 2411 leu
824 2363 920 2438 poena
937 2340 1022 2409 ade.

124 2439 230 2526 quati
242 2432 367 2535 sumpta
383 2436 613 2537 complediitut
628 2463 758 2536 poenam
773 2439 884 2510 damni
902 2444 936 2510 ὅ(
949 2436 1023 2511 sen·

124 2530 201 2603 aiut
219 2536 367 2631 gehenna
393 2534 518 2636 sumpta
529 2538 731 2634 inadaequati
760 2563 893 2635 poenam
913 2535 1024 2613 sentiat

124 2630 296 2705 dumtaxat
318 2635 465 2708 includit.
488 2641 607 2710 Timor
634 2636 790 2735 gehenna
817 2639 1022 2732 inadaequatd

125 2726 260 2831 sumpta
272 2789 282 2820 ,
293 2731 456 2834 seupoentt
466 2734 598 2823 sensus,
612 2736 755 2809 excludit
771 2736 930 2810 adiualein
950 2762 1023 2808 om·

124 2848 203 2900 uem
212 2839 371 2931 peccandi
381 2833 677 2924 voluntatem,hoc
686 2838 730 2907 est
739 2835 808 2907 tum
817 2834 1018 2926 ablolutam‚

125 2926 198 3001 nim
208 2936 488 3021 conditionum,
503 2960 642 3034 eamque
661 2933 918 3032 siveexplicittni
929 2987 939 3021 ,
952 2932 1017 3014 sive

124 3036 226 3103 etiam
244 3033 435 3133 implicitam
448 3065 459 3114 3
472 3041 524 3108 seu
538 3090 547 3119 ,
560 3060 596 3107 ut
614 3033 759 3129 loquitur
772 3041 806 3109 S·
820 3037 1016 3133 Augustinus

129 3126 204 3201 [ib.
219 3156 256 3204 ι.
267 3158 383 3207 contra
397 3136 496 3239 Epist.
519 3133 667 3208 petiliani
677 3156 708 3203 c.
721 3159 771 3227 33·
786 3143 872 3209 intra
891 3138 1021 3227 claustra

130 3239 335 3329 cogitationis
348 3238 819 3339 malamcupiditatemcoi'rcet:
833 3236 933 3303 timot
942 3235 1023 3306 veto

127 3329 287 3425 gehenne
297 3335 462 3431 adaquati
474 3335 714 3434 lumptae,ptout
724 3329 845 3404 scilicet
855 3331 1027 3430 complec-

129 3432 209 3502 titur
221 3457 353 3531 poenam
366 3435 438 3505 uim
452 3436 560 3506 damni
572 3488 581 3519 ,
594 3455 662 3506 tuni
674 3429 804 3516 lamias,
823 3431 1028 3504 voluntatem

130 3534 289 3625 peccandi
300 3532 365 3606 five
381 3533 542 3608 adiunlcm
562 3531 628 3604 five
639 3537 736 3604 etiam
750 3529 949 3601 habitualem
967 3555 1027 3602 ex·

130 3623 283 3705 eluditac
300 3659 458 3707 removet.
484 3631 649 3728 (Consule
659 3655 731 3728 quae
747 3629 839 3728 lupta
855 3632 944 3701 dista
954 3626 1027 3700 lunt

135 3732 206 3802 hrt·
223 3759 252 3804 t·
270 3733 404 3819 hujusce
420 3739 543 3831 Qxll·
561 3739 572 3824 l
587 3730 712 3803 Verum
730 3728 1028 3802 timotillenontst

134 3826 254 3926 abique
273 3860 384 3905 amore
406 3833 493 3933 lpai:
516 3858 551 3904 ut
561 3836 648 3902 enim
665 3851 759 3898 antea
778 3830 967 3899 diximuaex
987 3833 1024 3902 S.

134 3930 265 4003 'l'homa
283 3965 312 4007 ι.
332 3961 368 4006 a.
379 3960 436 4033 qu.
452 3961 513 4031 25·
526 3956 584 4003 att.
600 3961 631 4005 ι.
641 3933 739 3998 timot
749 3925 826 3996 mali
837 3925 977 4000 nascitur
986 3952 1026 3999 ex

136 4052 244 4104 amore
253 4031 334 4104 boni
344 4039 497 4106 contrarii
507 4089 517 4118 ,
526 4055 623 4127 atque
633 4032 667 4101 in
678 4024 748 4128 ipso
763 4024 928 4098 fundatur.

160 4131 294 4207 lniiahis
307 4148 361 4225 ς’.
373 4140 490 4208 Timor
500 4157 604 4230 poenae
615 4135 657 4202 est
669 4126 775 4200 bonus
785 4127 976 4214 honestus,
987 4133 1024 4201 δι

140 4223 1028 4336 lupematutalis,eximpuliuSpinthslanstiteegosuf·
