2752 4756
294 601 364 673 Dr
415 598 803 672 Poru'trtnrtni
972 618 1035 673 itt

141 694 214 785 bn,
233 698 332 768 etiam
345 699 518 795 postquam
531 692 742 796 percepissent
754 701 873 769 sacram
885 696 1041 771 Euchari·
1080 750 1083 755 -

142 800 226 871 stiam
245 850 256 881 ,
274 820 312 869 ut
328 798 503 868 constatex
523 797 686 869 conciliis
706 794 955 896 Carthaginensi
978 805 1061 872 IV·'

146 922 212 997 cap.
229 901 347 982 78.&
359 894 559 970 Arauficano
570 922 644 996 cap.
661 925 693 990 3.
718 923 859 995 quorum
870 896 969 970 verba
984 898 1043 972 suo

146 992 215 1069 loco
229 992 365 1069 inseritis
375 995 655 1070 exscribernus.At
665 1002 865 1071 Sacramenti
879 1002 1048 1079 Poeniteno,

146 1102 189 1171 tiz
227 1122 276 1167 ars
285 1098 374 1168 haud
393 1095 493 1169 dubie
501 1123 570 1168 non
579 1095 641 1169 suit
656 1097 841 1195 hujusmodi
854 1100 1045 1174 manusim·
1132 1127 1135 1133 ·

134 1200 188 1298 'pn
212 1203 260 1268 tio
287 1198 444 1296 posterior
466 1202 667 1297 perceptioni
679 1197 898 1271 Eucharistiae.
992 1244 995 1250 -

191 1309 251 1389 3⁰.
265 1304 371 1379 Juxta
387 1294 655 1398 S·'Augusiinum
673 1297 748 1370 Lib.
771 1325 802 1389 3.
820 1299 861 1369 de
882 1296 996 1400 Baptis

158 1416 266 1491 contpa
278 1401 549 1497 Donatisiascap.
563 1409 623 1470 16.
640 1396 757 1469 maniis
780 1395 948 1496 impositio
967 1396 1051 1472 nihii

153 1495 231 1568 aliid
239 1499 284 1568 est
298 1496 398 1595 quim
410 1503 522 1572 Oratio
523 1504 622 1599 fitpra
635 1504 784 1574 hominem
805 1528 815 1572 t
837 1520 979 1569 atnemo
996 1500 1047 1570 di·
1060 1510 1097 1572 r.
1108 1513 1233 1588 ntum

146 1600 227 1667 ‘ierit
243 1602 431 1668 orationem
449 1592 511 1668 esse
530 1598 698 1670 materiam
719 1600 921 1670 sacramenti
942 1603 1050 1672 Pteni·
1063 1589 1098 1655 Β·

154 1702 275 1774 tentiaec
300 1695 460 1794 siquidem
473 1702 560 1767 circa
572 1703 739 1770 materiam
759 1700 961 1769 sacramenti
982 1696 1055 1771 sor·

156 1794 351 1895 maejusdem
362 1793 504 1869 versatur
526 1805 562 1870 &
576 1821 780 1896 occupatur:
802 1794 973 1868 sedforma
997 1803 1055 1870 Sa·

156 1900 302 1968 nanenti
325 1901 526 1971 Poenitentiae
544 1923 615 1994 quae
637 1897 687 1969 his
709 1895 816 1968 verbis
835 1902 1053 1996 exprimitur,

157 1992 219 2099 Igu
229 2024 259 2069 te
273 1998 403 2090 absolvo
414 2003 484 2068 &c.
497 2022 565 2068 non
577 1997 717 2068 versatur
728 2020 789 2067 nec
800 2020 978 2095 occupatur
990 2001 1054 2069 cit·

159 2094 311 2165 cantantis
325 2095 590 2192 impositionem,
611 2100 761 2171 sedcirca
774 2119 908 2195 peccata
918 2125 989 2197 quae
999 2100 1055 2181 deq

161 2191 422 2294 let&expun·git.

196 2300 313 2368 Dices:
339 2292 573 2378 Moribtmdo,
597 2297 654 2390 qui
677 2291 782 2367 subiti
803 2299 837 2366 vi
862 2291 968 2370 morbi
990 2319 1054 2393 op·

162 2390 373 2494 pressusplani
385 2392 602 2478 obmutescit,
628 2418 687 2465 nec
703 2394 772 2466 ullo
794 2393 888 2494 signo
901 2390 1057 2467 confiteri

165 2496 318 2588 potestant
334 2492 427 2573 suum
438 2496 479 2566 de
489 2497 630 2593 peccatis
640 2493 789 2568 dolorem
799 2499 929 2580 testati,
948 2496 1056 2566 danda

165 2592 364 2667 esiabsolutio
382 2621 423 2668 ex
443 2593 500 2667 usu
517 2590 665 2668 Ecclefiae
686 2619 840 2695 recepto,
864 2620 898 2664 ut
918 2593 1055 2666 inferius

165 2693 376 2777 ostendemus:
400 2692 1056 2794 ateoincasunuslaaliapotestnssignati

165 2787 305 2885 smfibilis
331 2800 464 2868 materia
485 2799 686 2869 sacramenti
705 2848 717 2883 ,
737 2819 852 2894 prater
870 2794 1056 2896 impositio·

166 2915 230 2964 uem
240 2895 370 2967 mantis·
595 2969 597 2973 ,

205 2993 299 3095 Resp·
314 3004 369 3069 1⁰.
383 3016 461 3065 cum
478 2990 666 3083 Melchiore
680 2994 777 3063 Cano
796 3016 880 3091 part.
899 3007 935 3063 6.
957 2992 1060 3067 Rele-

166 3092 266 3170 &ione
281 3091 554 3179 deveniemus,
580 3098 615 3164 in
627 3094 718 3189 praxi
729 3097 930 3165 sacramenti
948 3099 1060 3166 l'oeni·

165 3201 263 3267 tentiae
274 3194 384 3294 potitis
403 3191 587 3275 habendam
602 3189 834 3264 efferationem
855 3219 969 3265 eorum
988 3220 1062 3292 quae

164 3295 201 3365 ad
216 3320 322 3367 mores
339 3302 378 3367 &
399 3292 533 3366 salutem
551 3298 734 3364 animatum
755 3299 939 3392 pertinent,
961 3295 1065 3389 quim

164 3418 271 3467 eorum
282 3421 356 3493 quae
366 3393 511 3495 speciant
521 3395 561 3463 ad
572 3392 836 3492 Metaphystcam
846 3392 1067 3492 sivespecula·

159 3498 240 3568 ovas
250 3494 457 3594 quastiones.
479 3493 606 3567 Incasu
615 3496 712 3594 igitur
722 3496 866 3565 adducto
874 3491 1065 3592 graviffimae
1116 3536 1118 3543 ·

168 3595 351 3668 necessitatis
365 3650 378 3683 ‚
395 3596 543 3695 impendi
550 3596 685 3690 quidem
693 3594 791 3666 debet
801 3592 964 3667 absolutio
978 3646 989 3673 ,
1002 3614 1064 3663 nec

167 3692 298 3768 solliciti
308 3697 521 3791 quarendum
537 3717 686 3789 quanam
705 3692 743 3764 fit
756 3691 911 3766 sensibilis
930 3696 1066 3763 materia

170 3798 395 3868 sacramenti:
414 3793 491 3866 etim
514 3793 583 3865 hacc
603 3794 765 3891 quaestio,
787 3792 1065 3864 scholasticorum

170 3894 271 3968 sensua
295 3900 402 3981 itata,
423 3892 749 3994 neesidemspeeiet,
772 3914 808 3961 ut
819 3893 885 3984 jani
897 3893 1040 3962 diximus
1053 3909 1071 3971 ς·

171 3924 353 4069 παιδεῖαι(
363 4015 495 4168 propter
503 3993 586 4069 illud
597 3990 729 4067 schole
748 3987 931 4080 diffluum,
950 3990 1099 4078 animas

166 4098 323 4175 naulis
333 4101 372 4173 iu
387 4097 422 4170 di

456 4094 714 4191 tituenaciduci·⁴
